2482 3936
327 234 373 286 AD
391 234 472 285 mm.
493 233 715 286 ninscflutlvtt.
915 232 1005 286 XVllll

46 392 156 445 el.Pers.
167 392 195 442 V
214 388 233 441 2
251 386 311 453 35).
330 413 368 429 --
386 389 418 439 V.
433 385 485 440 eut
500 403 547 456 pro
571 389 647 440 tertio
669 386 774 438 bacchio
792 385 1005 453 palimbacchium

46 461 96 527 [cun
112 457 224 524 saluos)
242 458 321 524 posui
340 473 417 523 quem
435 466 539 525 propter
553 457 780 525 interpunctionem
796 457 912 506 excusari
926 469 1005 522 posse

31 539 201 604 putaveram:
230 542 301 578 nnuc
319 543 380 579 vero
397 527 456 579 ride
473 542 534 578 num
552 526 593 577 hic
611 539 700 578 verens
718 541 770 576 non
786 525 948 576 incommode
967 525 1005 576 sio

45 605 196 672 nectimur
218 594 376 676 nqutdcm
396 594 485 658 uuleo
499 597 587 658 recte
602 601 694 677 etque
709 593 811 657 stlnos
826 613 909 674 snm,
931 594 1003 654 Am-

43 682 172 762 phitruo.
188 715 237 730 —
258 688 292 738 V.
309 684 361 740 642
386 702 424 752 sq.
451 702 507 738 oum
529 688 564 738 itu
587 694 615 737 ut
637 702 664 754 p.
675 683 709 738 31
727 685 847 753 leguntur
864 685 1004 738 insuuravt

43 765 147 815 nondum
170 765 393 832 investigatorem
419 778 475 815 eem
498 764 581 831 legem
598 764 736 828 prosodiae
754 763 884 816 Pluutlnee
902 779 936 815 ex
954 778 1005 827 qus

42 835 103 884 tertio
127 834 279 901 singularis
302 848 413 900 persone
435 833 542 899 perfecti
565 833 641 885 ectivi
664 832 788 902 spllebem
812 831 927 884 ultimam
944 846 1004 899 pro-

42 903 114 963 ducit,
143 912 175 953 nt
197 905 262 954 ssimi
285 903 376 954 codem
400 903 455 952 iure
477 901 621 969 spondeum
647 901 738 953 efficiet
757 917 807 966 qno
825 901 886 966 sicat
903 910 928 952 ct
945 903 1005 952 uelit

41 973 150 1032 iambos,
179 974 272 1023 audiet
289 973 423 1032 creticum,
444 971 558 1038 adflictat
574 970 714 1021 molossum
732 976 757 1020 et
774 985 840 1035 quse
857 977 916 1021 sunt
933 970 1004 1020 simi-

40 1039 79 1102 ir,
98 1055 186 1104 quam
207 1041 313 1106 quidem
331 1056 386 1092 rem
404 1039 487 1093 adbuc
503 1038 1003 1106 occultemrvprimualnl'roleg.'l'rin.

39 1111 433 1241 ttt¹:.¹.}¹.:tt.ttttt,¹·t.
446 1110 498 1231 tt.
509 1109 1005 1245 {tt:gltttttlttzttitl

40 1263 80 1312 oue
97 1249 129 1298 in
149 1263 264 1299 oensuru
281 1249 362 1299 Plauti
380 1261 428 1300 nvn
446 1249 477 1299 de
496 1263 547 1313 qno
564 1261 643 1314 snpra
660 1247 715 1298 dixi
734 1247 876 1299 rationibus
894 1247 1005 1298 stabilivi

39 1317 123 1368 itidem
149 1323 251 1368 certum
270 1325 309 1369 est
327 1326 402 1382 atque
420 1317 588 1384 exploratum.
613 1324 718 1383 propter
733 1317 801 1368 hanc
818 1321 902 1368 autem
921 1316 1005 1382 legem

39 1387 59 1436 iu
81 1389 123 1436 eis
150 1399 222 1450 qnos
245 1386 301 1437 dixi
326 1386 442 1438 versibus
459 1386 581 1439 librorum
598 1387 723 1452 scripturo
741 1400 818 1450 qnam
833 1384 1005 1436 mmm

39 1469 139 1520 qnoque
160 1457 191 1506 in
216 1455 298 1506 Elem.
317 1457 396 1508 doctr.
415 1463 488 1506 metr.
508 1471 535 1522 p.
548 1451 601 1506 298
619 1470 657 1519 sq.
679 1453 740 1522 (ced
758 1454 902 1508 dubitanter
919 1453 962 1504 ille
981 1461 1006 1503 et

38 1540 66 1574 cx
82 1526 298 1590 interpunctione
317 1540 382 1589 quac
398 1524 469 1576 nulla
486 1533 525 1576 est
542 1525 706 1576 excusatione
723 1523 793 1574 bend
811 1522 937 1589 probabili
961 1536 1003 1589 ps-

37 1593 91 1660 tits)
110 1595 225 1645 retinuit
244 1595 387 1646 revocando
406 1600 444 1644 est

77 1679 139 1741 Set
161 1680 226 1740 ledo
248 1698 298 1741 me
319 1682 393 1743 bedt
414 1676 543 1760 seltem,
566 1680 709 1760 quoniam
729 1675 901 1759 perddellls

75 1779 168 1842 Vicit
190 1783 224 1839 et
245 1776 369 1841 domim
390 1777 491 1842 lendis
514 1781 629 1860 odopoe
649 1777 782 1839 renenit.

39 1879 67 1927 V.
86 1873 144 1931 678
170 1883 248 1927 nuno·
266 1891 317 1929 non
344 1879 433 1930 dubito
461 1879 523 1944 quin
550 1879 618 1944 quod
646 1876 744 1928 Nonius
770 1889 797 1940 p.
818 1870 868 1926 167
895 1874 1007 1925 servavit

40 1947 230 2008 rumifertlnt
249 1953 445 2019 praeterendum
468 1956 503 2006 sit
524 1955 664 2021 scriptume
689 1952 812 2004 librorum
834 1950 1008 2002 Plautinorom

41 2033 191 2094 munificam.
210 2054 247 2069 -
266 2030 300 2082 V.
311 2027 364 2083 714
380 2032 407 2082 id
426 2031 496 2094 quod
509 2031 595 2096 priore
608 2045 685 2080 manu
701 2029 727 2079 in
739 2029 771 2082 V.
785 2027 811 2080 (l.
825 2035 957 2080 exaratum
969 2036 1008 2080 est

43 2101 138 2165 podem
157 2099 247 2164 recepi
264 2114 312 2165 pro
331 2101 442 2166 equidem
459 2099 526 2165 quod
542 2099 621 2152 nitere
635 2113 724 2150 munus
740 2097 863 2159 correxit,
883 2105 911 2148 ut
924 2098 1007 2149 inten-

42 2170 136 2219 tionem
154 2166 270 2233 syllabae
284 2167 389 2220 ultimae
407 2169 477 2220 vocis
493 2168 725 2234 palimbaccbiecee
738 2172 839 2217 ecastor
853 2165 1006 2232 refugerem,

44 2253 118 2300 quem
141 2237 193 2288 arti
215 2236 348 2288 Plautinae
369 2253 512 2306 repugnare
535 2250 572 2287 nv
598 2241 626 2288 in
647 2235 747 2301 Proleg.
773 2231 842 2285 Trin.
867 2248 894 2299 p.
907 2248 1008 2285 ccxxix

44 2308 157 2357 evicisti:
184 2306 232 2357 sed
255 2308 337 2358 erravi
362 2307 431 2370 qnod
454 2312 554 2358 eemnr
578 2320 667 2358 vocem
691 2302 931 2370 palimbacohicmm
951 2318 1008 2354 esse

44 2377 164 2441 opinetne
183 2388 256 2436 sum,
276 2381 315 2424 est
334 2376 400 2426 enim
417 2375 568 2437 molossioe,
587 2383 615 2425 ut
634 2392 667 2426 ex
684 2372 736 2424 Mil.
749 2368 815 2425 1041
836 2372 941 2439 adparet
960 2370 1007 2438 (ci.

43 2445 123 2495 Varro
142 2443 178 2494 de
194 2443 258 2511 ling.
279 2443 336 2497 Lot.
347 2443 372 2495 X
388 2441 424 2497 to
438 2460 495 2497 cnm
511 2445 612 2511 Proleg.
629 2445 699 2497 Trio.
711 2457 737 2509 p.
750 2438 931 2507 enxxrvsq.):
951 2457 1009 2493 cum

43 2549 102 2586 vcro
126 2534 243 2584 sermoni
265 2531 381 2584 Pleutino
406 2529 558 2600 (ciffibltss
575 2539 600 2584 et
618 2530 684 2598 tto)
708 2509 840 2586 11011101·
863 2525 1009 2604 equidem

44 2612 128 2677 magis
152 2609 302 2674 conveniet,
326 2611 383 2660 sine
400 2624 477 2662 more
501 2608 565 2660 illud
586 2609 772 2662 restituendum
791 2617 838 2660 est.
855 2635 892 2648 —
913 2609 946 2663 V.
957 2606 1010 2661 786

45 2694 100 2730 sero
127 2679 244 2729 intellexi
268 2679 439 2730 revocandum
462 2679 545 2730 fuisse
569 2679 684 2730 ordinem
705 2679 841 2730 verborum
858 2692 934 2743 quem
951 2679 1010 2729 libri

45 2754 169 2805 mittent
185 2746 271 2810 Vere
284 2745 363 2810 dico.
396 2747 470 2811 AM.
488 2747 557 2809 Ndn
574 2746 614 2807 de
628 2749 686 2808 hac
699 2746 824 2827 quidem
835 2744 945 2808 hercle
956 2749 1009 2808 re:

47 2829 85 2892 tle
102 2828 173 2890 aliis
185 2831 301 2893 ndsclo.
320 2839 381 2889 aiibi
398 2845 483 2889 eutem
501 2839 680 2890 demonstrabo
697 2838 724 2887 in
742 2836 813 2889 hieto
833 2836 866 2888 dl
883 2839 942 2888 aliie
959 2854 1010 2889 non

47 2929 103 2964 esse
134 2913 323 2965 offendendum.
357 2941 393 2952 —
424 2915 459 2970 V.
478 2911 529 2966 tto
557 2915 710 2980 optimorum
737 2912 860 2965 librorum
886 2914 1011 2978 scripture

47 2984 107 3060 Qui
121 3001 223 3062 nunc,
242 2982 381 3045 mulieri
401 2991 608 3042 retinendaerat:
627 2987 1011 3044 cl.Pscud.12223eccb.563

47 3070 166 3127 1111471
184 3073 242 3139 (ubi
260 3075 348 3126 relloui
364 3074 423 3126 libri
440 3081 542 3141 praeter
558 3074 590 3124 V.
603 3072 629 3124 G.
643 3080 745 3124 tuentur
763 3068 824 3144 Qui
836 3066 921 3128 lum?
943 3074 1011 3137 quod

49 3153 125 3208 suam
145 3153 260 3204 eiusdem
278 3153 380 3205 labulee
397 3148 484 3204 nuce
504 3159 528 3202 ct
547 3148 614 3202 ttou
629 3151 754 3201 sententio
767 3152 883 3217 flugitare
898 3151 1010 3202 videtur:

50 3229 181 3286 praetereo
197 3221 311 3275 1111545
330 3222 502 3274 Paletiuorum
517 3221 639 3271 librorum
655 3221 845 3286 scripturaque
856 3218 1011 3282 ouncmegis

52 3292 92 3356 qui
108 3291 248 3357 particulae
266 3292 354 3344 levore
373 3291 472 3343 videtur
486 3303 564 3354 quum
576 3289 722 3355 pronomini
732 3290 806 3355 quid,
826 3289 891 3340 sicut
899 3285 951 3337 Mil.
959 3282 1011 3336 431

52 3374 83 3408 cx
105 3359 228 3412 librorum
252 3363 379 3428 scripture
401 3361 523 3426 metopium
545 3374 597 3409 non
621 3359 746 3424 mddpiam
770 3358 817 3409 sed
841 3356 909 3420 quod
931 3367 967 3405 nv
986 3354 1012 3404 in

53 3427 213 3482 adnotatione
222 3431 384 3499 proposuisti
393 3431 501 3495 quipiam
509 3427 664 3481 confidenter
671 3428 758 3493 recepi
768 3427 806 3478 cll.
815 3425 886 3492 Gept.
896 3419 1013 3488 111).-

52 3495 83 3547 V.
98 3493 153 3549 804
173 3514 214 3551 me
237 3500 319 3552 invito
344 3500 469 3566 scripture
486 3497 583 3562 aliquot
600 3497 721 3547 librorum
738 3496 909 3561 pessimorum
926 3505 1009 3544 conoe·
