2482 3936
159 236 200 299 38
523 233 750 297 PLAVTI
893 249 1114 306 112139-157

159 407 225 485 Qua
242 403 336 466 hadre
353 423 439 466 meus
456 405 505 464 uir
522 406 571 465 me
585 403 720 466 donauit.
761 405 834 467 AM.
862 405 982 468 secede
997 409 1114 489 huctu,

612 504 707 564 sista.

157 589 323 671 Enimuero
333 603 406 666 illut
416 605 543 687 praeter
554 603 614 665 alia
625 609 703 664 mira
711 606 809 666 miror
820 609 968 685 mimine,

158 705 192 766 Si
203 703 279 764 haec
296 705 392 764 habet
407 709 546 785 pateram
563 703 656 764 illam.
700 703 760 765 SO.
783 705 833 765 Au
850 703 987 765 etiamid
999 705 1112 785 credis,

571 823 648 883 quac
660 805 693 865 iu
704 804 764 864 hac
776 801 887 864 cistula

158 902 226 966 'i'rio
245 906 332 984 signo
352 904 512 986 opsignita
529 902 655 963 fertur?
697 903 770 964 AM.
801 891 1112 984 saluom'signumstr

613 1001 672 1063 SO.
695 986 826 1082 inspice.

157 1102 230 1162 AM.
259 1099 372 1161 Recte:
392 1100 467 1161 itast
476 1106 512 1161 ut
529 1101 698 1182 ipsignaui.
743 1099 803 1160 S0.
833 1100 971 1180 Quaeso,
992 1101 1111 1180 quintu

608 1201 708 1260 istinc
719 1199 809 1260 iubes
1057 1207 1109 1263 775

154 1298 216 1359 Pri
229 1299 344 1359 cerrita
356 1297 572 1359 circumferri?
610 1297 683 1359 AM.
706 1281 830 1378 Edepol
838 1297 1011 1377 quiiactist
1018 1317 1110 1379 opus:

154 1395 231 1457 Nam
248 1398 325 1457 haec
337 1395 463 1476 quidem
474 1394 589 1478 edepol
599 1395 755 1457 laruarum
764 1395 897 1477 plenast.
941 1395 1004 1456 AL.
1028 1394 1110 1473 Quid

607 1495 838 1576 uerbis'opust‘i

154 1577 202 1653 Eu
222 1597 361 1673 pataram
381 1595 454 1654 tibi:
476 1595 589 1655 eccam.
634 1592 707 1654 AM.
743 1591 830 1654 Cedo
852 1593 904 1652 mi.
947 1593 1010 1653 AL.
1041 1594 1111 1674 Age

605 1695 1000 1776 ispicehucsisuuiucium
1078 1754 1080 1759 s

155 1792 221 1871 Tu,
245 1793 298 1871 qui
317 1811 395 1872 quae
406 1794 489 1853 iacta
500 1794 653 1872 infitiare,
676 1793 907 1872 quemegoiam
918 1793 1104 1854 hicconuin-

607 1896 672 1952 cim
682 1889 791 1972 palam.

151 1973 249 2052 lintre
271 1992 348 2051 haec
368 1995 493 2070 patera,
521 1994 580 2071 qut
602 1989 741 2052 donatu’s
763 1988 834 2050 illi?
876 1991 949 2053 AM.
983 1990 1104 2051 Summe

605 2092 756 2174 iuppiter,
1055 2097 1107 2156 780

152 2183 233 2266 Quid
245 2205 302 2267 ego
313 2187 431 2251 uideo?
451 2190 529 2252 haec
541 2189 881 2274 eastproiectopitera.
901 2191 995 2270 perii,
1007 2189 1094 2251 Stiria

30 2361 38 2371 .
151 2286 210 2348 SO.
239 2288 304 2348 Aut
325 2285 380 2368 pal
399 2277 478 2349 haec
508 2290 741 2370 praestigiatrix
768 2285 866 2348 milio
898 2285 1011 2348 mulier
1042 2291 1106 2347 mi-

381 2401 385 2410 ·
603 2393 722 2447 rumast

150 2485 213 2545 Aut
231 2486 282 2547 hic
300 2492 439 2568 pateram
457 2487 561 2548 inesse
578 2491 713 2568 eportet.
758 2483 831 2545 AM.
862 2463 1018 2562 Agedum,
1037 2501 1104 2543 cam

603 2583 689 2645 clue
701 2580 851 2644 cistulam.

150 2681 209 2743 80.
236 2678 316 2760 Quid
338 2701 395 2764 ego
418 2685 508 2745 istam
529 2678 694 2745 exolutim?
714 2680 904 2764 ipsignaiast
922 2680 1021 2745 recte.
1050 2702 1102 2746 res

601 2783 825 2861 gestistbeue:

149 2879 199 2940 Tu
217 2878 333 2960 [ilium]
351 2863 794 2962 peperisti-Amphitruonem,
816 2898 874 2959 ego
886 2878 980 2944 ilium
991 2888 1102 2966 peperi

603 2979 736 3040 Sisiam:
1049 2991 1101 3048 785

147 3076 236 3139 Nunc
248 3080 274 3139 si
285 3084 424 3160 pateram
434 3083 542 3162 pitera
550 3082 688 3162 peperit,
696 3083 802 3142 Amnes
810 3085 1099 3162 congeminiuimus.

147 3175 220 3237 AM.
250 3176 408 3238 Certumst
426 3179 549 3259 aperire
561 3182 654 3259 itque
665 3180 830 3261 inspicere.
876 3181 934 3242 SO.
964 3180 1046 3246 Vide
1057 3183 1099 3243 sis

600 3279 681 3358 signi
694 3278 768 3358 quid
778 3281 849 3358 siet,

146 3374 193 3434 Ni
202 3376 358 3457 posterius
370 3379 401 3436 in
413 3395 462 3438 me
477 3373 598 3460 culpam
610 3379 760 3440 ciuferas.
798 3378 870 3439 AM.
886 3379 986 3460 Aperi
995 3378 1096 3442 modo.

146 3473 222 3534 Nam
233 3475 310 3537 haec
322 3474 446 3558 quidem
457 3497 514 3540 uas
525 3476 688 3540 delirantis
698 3479 803 3537 ficere
812 3476 1054 3559 dictIspirtulat.
