2552 3928
555 161 795 229 Piavil
1006 177 1168 234 131-16

312 468 484 530 Latara.
526 462 768 524 Prrrrsrvm.
812 459 1044 521 Patravava

543 563 818 623 Pflaaraoave

206 736 267 798 LE.
289 732 417 796 Plteide
429 730 581 812 egredere
592 738 625 790 et
636 730 769 789 additum
779 729 910 809 prohibe
922 728 1035 788 idriam
1047 734 1078 789 et
1091 747 1165 790 cre·

657 828 755 908 pitum
769 824 937 905 edrdinum,

211 933 254 994 ie
265 930 347 1012 qued
358 932 409 992 hie
420 930 534 1009 agimus
546 929 617 988 erus
627 926 780 1007 pereipiat
790 925 879 1004 fieri,
895 944 963 986 mea
972 925 1162 989 Planesium.

208 1031 318 1108 Mine,
334 1027 506 1090 suffundam
517 1024 666 1106 aquoldm.
699 1024 760 1086 PA.
783 1022 886 1086 Viden
898 1031 931 1084 ut
942 1045 1017 1086 enus
1027 1023 1163 1086 tremula

659 1121 949 1184 medicindmiaeit‘i
1111 1135 1163 1189 160
1258 1183 1259 1204 ζ

212 1210 308 1307 dapne
319 1244 436 1285 merum
448 1222 614 1285 condidicit
624 1223 748 1283 bibere:
768 1222 886 1283 idribus
894 1223 946 1284 dat
956 1245 1063 1306 aquam
1072 1230 1162 1305 quem

660 1324 773 1385 bffium

213 1426 269 1489 PL.
291 1411 352 1485 Pbi
362 1425 431 1503 tu’r,
443 1426 495 1504 qui
506 1441 554 1484 me
566 1422 761 1484 ednuadatu’a
772 1423 915 1486 Veneriis
926 1423 1131 1484 uadimdniis‘i

213 1525 293 1585 Siata
311 1542 368 1602 ege
385 1524 443 1584 tibi
459 1541 508 1583 me
525 1528 557 1582 et
574 1523 649 1581 mihi
667 1526 774 1580 contra
788 1520 896 1581 itidem
910 1520 956 1600 [tri
967 1521 1012 1601 te]
1026 1532 1059 1582 ut
1070 1524 1161 1582 sistas

666 1619 789 1679 andsto.
1257 1673 1258 1676 ,

211 1715 274 1782 PH.
290 1703 419 1780 ddaum':
436 1738 505 1778 nam
515 1719 541 1778 ai
553 1720 648 1798 apaim
659 1718 734 1777 hait
745 1737 901 1779 recursem
913 1722 986 1798 quin
996 1720 1071 1780 mihi
1081 1716 1160 1780 male
1255 1744 1257 1755 ·

659 1819 715 1900 ¹sit,
726 1815 788 1877 mel
798 1836 907 1879 meum.
1252 1764 1258 1922 i

210 1914 270 1975 PL.
294 1896 403 1974 dnime
420 1914 477 1993 mi,
502 1913 574 1994 [me]
592 1914 703 1995 prdeul
720 1923 870 1975 amantem
884 1917 991 1976 abesse
1003 1917 1077 1976 haut
1088 1936 1160 1976 een·
1246 1900 1259 2062 ³

663 2019 880 2076 sentineumst.
1110 2024 1159 2078 165

210 2113 276 2173 PH.
298 2110 461 2192 Pdlinure,
477 2111 633 2176 Palinire.
663 2114 725 2175 ΡΑ.
748 2114 916 2195 Eloquere,
934 2114 1067 2194 quidest
1079 2113 1160 2195 quod

665 2210 969 2273 Palinurimuocas‘i

211 2311 276 2373 rii.
299 2297 479 2393 Etlepida
505 2312 568 2373 ΡΑ.
583 2311 804 2394 armalepraa.
827 2313 890 2374 ra.
905 2313 977 2374 Sum
989 2312 1073 2374 aeus.
1096 2313 1155 2377 ra

662 2397 756 2473 immo
768 2415 858 2472 homo
870 2412 929 2471 hau
941 2415 1043 2491 magni
1052 2415 1142 2492 preti.

211 2508 275 2570 PH.
299 2507 381 2586 Quid
396 2509 502 2570 uidisti
522 2515 573 2570 aut
587 2509 660 2591 quid
675 2510 796 2571 uidebis
809 2512 904 2588 megia
918 2509 965 2571 dis
982 2513 1158 2592 aequiperi-

664 2610 752 2670 bsse?

211 2706 275 2768 ΡΗ
299 2705 384 2768 Mile
395 2691 500 2788 dalea,
518 2728 584 2788 ere,
596 2708 678 2788 qudd
689 2711 765 2770 mihi
777 2721 906 2788 aegrest.
940 2711 1006 2772 PH.
1024 2709 1109 2774 Mile
1119 2712 1157 2770 mi

666 2809 862 2886 morigerri’a:
878 2817 956 2872 tace.

210 2906 274 2968 ΡΑ.
297 2890 383 2987 ipaur
401 2926 435 2967 ae
452 2907 606 2967 excruciat
625 2908 677 2984 qui
694 2907 785 2967 homo
803 2907 885 2988 quod
904 2917 983 2970 amat
1000 2909 1087 2971 uidet
1101 2929 1157 2970 nec

665 3009 783 3088 petitur
795 3008 867 3068 dim
876 3009 961 3072 licet.
1110 3021 1157 3074 170

211 3108 275 3170 PH.
297 3108 394 3170 Recte
413 3109 567 3189 obiurget:
589 3113 663 3170 edne
680 3108 755 3168 haut
767 3110 958 3188 quicquamst
973 3111 1068 3192 migis
1079 3109 1155 3189 quod

593 3248 594 3256 η
664 3208 853 3287 cupiamidm
866 3206 927 3268 diu.

210 3305 270 3367 PL.
293 3305 382 3366 Tene
392 3323 452 3385 me,
466 3303 655 3387 amplectere
667 3306 751 3386 drgo.
783 3306 848 3368 PII.
862 3306 931 3366 Hac
941 3308 1063 3367 etiamst
1073 3325 1155 3384 qaam

665 3407 704 3465 db
715 3425 781 3466 rem
793 3407 912 3486 cupiam
921 3409 1047 3466 uiuere:
