2552 3928
147 227 842 354 mffismwfflwe
1059 276 1099 341 m

147 455 218 517 MN.
246 454 326 533 Quid
348 451 484 514 sodalem
501 447 602 512 meum
620 449 765 526 castigas,
787 445 892 525 Lide,
915 443 1100 527 Mseipulrim

599 547 705 607 tuum?

145 653 210 716 LV.
233 652 333 713 Periit
353 648 410 712 tibi
432 647 556 712 sodtlis.
595 646 666 708 MN.
687 644 734 706 Ne
757 644 789 704 di
811 647 929 708 sierint.
959 646 1023 709 LV.
1048 646 1099 707 Sic

600 751 648 806 est
661 746 693 806 rit
702 744 830 825 loquor:

147 853 226 930 Quin
240 869 297 930 ego
310 869 399 930 quom
411 848 534 929 peribat
543 842 619 926 uidi,
631 847 693 906 ndu
704 863 742 906 ex
753 844 857 905 ruditu
869 850 972 926 trguo.

146 952 217 1015 MN.
242 947 499 1029 Qutdieetumsti
532 945 596 1010 LV.
614 946 817 1006 Meretricem
827 943 954 1024 indigne
965 944 1097 1027 deperit.

600 1044 672 1105 MN.
694 1043 926 1105 Νοοῐιίῑιοοοὶι
1047 1053 1100 1108 470

145 1149 209 1213 LV.
232 1131 277 1210 ic
289 1166 367 1227 quse
382 1163 541 1208 acerrume
557 1144 696 1204 aestuosa
707 1145 868 1224 apserbet‚
883 1145 1099 1224 ubiquumque

599 1243 710 1321 tetigit.

146 1329 1095 1409 mmmmwwwfflmfflm

599 1439 784 1501 eumsiunt?
815 1438 879 1501 LV.
903 1424 1060 1501 LxSsmo.

14 1539 23 1552 '
147 1541 217 1603 ΜΝ.
239 1541 313 1618 Quis
328 1541 479 1603 uocetur?
511 1539 574 1603 LV.
597 1538 736 1600 Btcehis.
769 1537 841 1598 ΜΝ.
863 1539 974 1618 limes,
993 1537 1097 1598 Lride:

598 1656 655 1718 ego
667 1654 788 1697 omnem
800 1637 865 1697 rem
876 1638 940 1698 scio

146 1741 244 1819 Quem
255 1741 294 1802 td
304 1741 470 1802 modumst:
491 1748 525 1802 tu
535 1736 829 1801 Pistoclerumielsu
841 1743 933 1817 atque
944 1737 1098 1798 insontem

598 1837 708 1916 trguis

145 1937 221 2000 Nem
232 1937 288 1998 ille
301 1940 396 1998 amieo
408 1945 441 1998 et
451 1934 652 1999 beneuoleuti
664 1934 718 1996 siro
729 1932 828 1996 sodali
839 1931 946 1995 sedulo
1045 1943 1094 1999 475

145 2037 223 2097 Rem
250 2034 421 2095 mundatum
446 2035 624 2114 exequiturz
654 2036 739 2113 ipsus
760 2035 861 2113 neque
883 2039 963 2094 smst
987 2053 1044 2094 nec
1064 2040 1094 2095 tu

594 2133 732 2195 creduss.

148 2231 210 2296 LV.
230 2216 317 2293 itane
328 2239 453 2314 oportet
463 2236 529 2295 rem
539 2234 710 2295 mundatum
721 2235 830 2314 gerere
845 2235 933 2295 emisi
944 2232 1062 2312 sedulo,

148 2314 190 2391 Vt
200 2332 285 2412 ipsus
295 2333 328 2392 in
338 2334 454 2412 gremio
466 2332 674 2395 erisculeutem
684 2331 845 2393 muilierem
852 2335 956 2392 tenerit
963 2331 1096 2393 sedensi

146 2431 175 2493 N
177 2431 262 2494 tillon
273 2440 362 2515 puoto
374 2435 425 2495 res
437 2435 578 2496 mundate
587 2439 692 2515 petest
702 2437 761 2514 egi,
772 2435 832 2494 uisi
844 2433 1014 2495 identidem

147 2517 197 2594 id
205 2533 335 2616 pupilles
347 2531 452 2597 miuus
464 2535 556 2612 ier-st,
566 2533 652 2594 labra
662 2535 679 2593 t
688 2532 784 2594 labris
796 2552 945 2613 nusquam
955 2533 1097 2594 miseret?

147 2633 221 2693 Nem
233 2630 292 2692 ulis
302 2637 473 2694 memortre
485 2651 564 2712 quae
575 2629 663 2692 illum
674 2632 778 2693 iecere
789 2630 853 2693 uidi
865 2631 1025 2714 dispudet:
1046 2641 1097 2696 481

149 2732 247 2806 Quem
264 2751 383 2791 menum
400 2733 455 2793 sub
467 2733 652 2792 uestimenta
663 2730 701 2791 ed
712 2733 823 2812 cerpus
835 2730 941 2792 tetulit
951 2730 1096 2793 Bteehidi

148 2830 202 2891 Me
215 2836 380 2909 praesente
391 2832 492 2910 neque
505 2830 625 2912 pudere
637 2833 798 2912 quicquam
837 2830 852 2865 *
895 2831 911 2867 *
952 2832 968 2868 *
1007 2831 1022 2869 *
1062 2831 1077 2870 *

148 2928 227 2989 Mihi
239 2927 416 3008 discipulus,
433 2931 490 2990 tibi
502 2929 615 2992 sedalis
625 2932 730 3012 periit,
744 2931 834 2991 huiee
845 2929 944 2992 filiusz
1045 2939 1099 2993 484

149 3027 223 3087 Nem
236 3045 292 3106 ego
304 3025 390 3087 illum
400 3032 521 3108 perfuse
532 3029 613 3108 dieo,
625 3033 697 3110 quot
708 3029 833 3116 quidem
842 3032 938 3111 periit
947 3029 1056 3111 pudor.

149 3125 229 3201 Quid
241 3131 332 3205 opust
344 3126 469 3186 uerbisi
490 3130 517 3188 si
528 3131 665 3209 dpperiri
677 3127 788 3189 uellem
798 3128 955 3211 paulisper
966 3126 1066 3207 modo,

150 3209 191 3286 Vt
203 3223 272 3304 [illi]
284 3223 368 3284 illius
380 3226 571 3305 iuspectendi
582 3229 624 3288 mi
636 3228 719 3289 esset
730 3231 827 3289 maior
838 3230 935 3308 sepia,

148 3323 221 3383 Phis
233 3323 379 3385 uidissem
390 3323 506 3405 {miser}
521 3327 630 3406 opinor
640 3331 729 3406 qutm
738 3345 787 3388 me
799 3334 891 3408 etque
901 3325 957 3386 illu
969 3327 1097 3405 aequem

596 3425 689 3487 foret.

151 3522 220 3584 MN.
241 3523 409 3586 Perdidisti
420 3526 480 3604 me,
492 3523 615 3586 sodalis.
637 3528 736 3604 egone
748 3523 807 3603 [ut]
820 3523 903 3588 illem
913 3523 1077 3588 mulierem
