2482 3936
373 238 416 289 Al)
434 237 514 290 tuin.
532 237 755 292 mtscflnntvn.
964 239 1045 294 xxm

78 401 102 444 ut
117 389 161 444 illo
180 407 263 446 versu
283 394 314 444 in
333 395 365 446 V.
379 393 405 444 0.
419 394 498 446 altera
515 409 592 445 manu
610 400 750 444 sorrentum
769 398 815 443 est.
833 418 869 432 -·
887 391 919 442 V.
933 389 986 446 975
1003 409 1044 445 rs·

78 470 199 521 stitneuda
219 478 262 522 est
282 472 398 538 genetivi
415 461 698 542 rememorati,
720 485 770 535 qua
788 468 843 520 sols
860 469 965 522 Plautus
979 485 1044 524 usus

77 554 121 598 est:
139 547 172 598 oi.
183 546 294 612 asne,
313 545 421 600 nudet
431 548 563 610 Euripidi,
578 544 629 599 811
638 547 759 607 Herculi,
775 544 926 600 munnae
936 548 1045 602 Acidiiir

38 617 39 620 ’
75 616 158 666 eadem
184 617 219 667 de
243 633 332 669 causa
354 615 421 668 Trin.
435 613 487 669 tlt
507 617 604 668 oomexl
622 616 748 668 Charmidi
764 614 867 682 (Baooh.
887 625 971 668 sutem
990 613 1044 670 284

36 715 38 764 p
74 687 246 736 nominativus
272 685 468 738 Archidemides
492 685 663 737 restituendus
689 685 750 750 est).
769 711 805 724 -
823 681 921 738 V.988
938 702 979 737 me
992 687 1043 738 dis-

72 753 146 818 pudet
165 756 204 804 ita
224 762 256 805 ut
274 757 307 806 in
323 755 371 806 hao
390 756 499 806 editione
516 754 610 821 legitur
627 769 678 804 non
694 755 827 806 instaurati
841 755 887 805 sed
899 755 975 806 foede
988 771 1043 806 oon·

72 824 148 889 rupti,
169 825 307 888 qnoniam
325 825 393 874 omni
411 839 516 874 onosma
533 824 669 876 destitutus
688 833 737 873 est:
762 839 837 887 quem
856 823 914 875 ilino
933 825 970 876 sio
988 840 1043 876 eor·

71 899 135 964 rigas
154 900 238 951 velim
258 893 326 972 Qui
339 894 479 956 mihimet
491 891 659 975 petiliani·
676 890 764 954 ditus
779 893 851 953 esti
872 893 934 956 ST.
943 894 1043 956 Huius

71 973 164 1039 illius.

135 1061 165 1110 In
189 1061 316 1112 Militis
340 1061 479 1130 gloriosi
503 1063 587 1127 prima
611 1068 683 1126 perte
708 1069 736 1112 nt
757 1061 831 1128 plura
849 1060 958 1112 habeam
977 1079 1043 1126 qnae

71 1129 226 1194 domigenis
252 1145 316 1181 esse
338 1131 461 1183 senserim
481 1146 511 1182 eo
535 1131 650 1197 inprimis
670 1129 765 1182 lautum
782 1137 820 1180 est
841 1133 910 1194 quod
928 1146 952 1182 et
970 1146 1042 1182 rvns

72 1198 272 1250 emendationes
299 1198 375 1250 huius
401 1199 504 1251 tabidae
529 1215 636 1264 quarum
661 1213 739 1266 supra
761 1200 913 1250 mentionem
941 1199 990 1252 ieei
1018 1207 1043 1252 et

70 1265 232 1319 intrusorem
251 1269 380 1334 praelatio
399 1268 490 1320 inditis
507 1268 651 1320 scholarum
669 1267 889 1320 Rostoohiensium
909 1268 986 1320 huius
1004 1271 1043 1336 ip·

71 1336 120 1386 eius
139 1337 285 1388 semestris
304 1340 393 1390 aestivi
410 1339 437 1388 in
455 1353 507 1403 qna
523 1338 555 1390 de
573 1339 669 1402 aliquot
686 1338 749 1396 locis
767 1339 822 1388 eius
841 1337 943 1388 tondeo
961 1340 1042 1389 disse·

71 1405 117 1454 ruit
140 1407 233 1456 serius
253 1407 283 1457 iu
301 1422 390 1458 manus
407 1422 478 1458 meas
495 1414 664 1473 pervenerunt
681 1421 758 1471 quam
776 1414 804 1457 nt
815 1407 847 1456 in
865 1421 940 1456 usum
957 1423 1039 1458 meurs

72 1483 223 1531 matertere
248 1491 364 1542 possem.
400 1475 433 1526 V.
451 1472 488 1529 ³4
511 1476 602 1528 vellem
620 1475 726 1528 thsnt
744 1475 946 1526 emendationem
965 1492 1043 1541 quarn

73 1563 105 1600 nv
123 1567 234 1616 qnoque
254 1555 282 1604 in
294 1555 456 1606 adnotatione
468 1555 676 1605 commendavisti
688 1542 925 1608 Perhat'trltlntla
939 1543 1040 1626 [haec]

73 1629 143 1688 sont
156 1647 201 1690 ne
218 1629 337 1691 denies
352 1628 491 1692 denotant
510 1637 676 1703 recepissem
694 1638 853 1690 numerato
873 1643 957 1688 auten
975 1635 1042 1688 buno

73 1727 176 1763 versum
190 1715 333 1782 temptanti
346 1730 436 1781 parum
445 1715 552 1765 ielieiter
560 1729 616 1764 meo
630 1713 724 1764 iudicio
735 1729 775 1764 res
784 1715 868 1765 oessit.
878 1740 914 1752 -
925 1715 958 1766 V.
965 1711 1001 1766 39
1009 1730 1042 1765 ex

77 1787 248 1842 Ambrosiano
262 1785 395 1846 animum
404 1791 491 1848 tunm
501 1805 547 1858 pro
557 1798 622 1840 turen
630 1791 734 1841 nemean
743 1791 853 1841 seribere
864 1791 996 1842 debebam.
1007 1816 1041 1828 -

77 1863 103 1913 V.
118 1862 153 1916 58
171 1882 226 1918 non
246 1869 330 1918 fuisse
347 1868 533 1919 sollicitandum
552 1867 665 1918 ordinem
677 1866 811 1917 verborum
828 1869 871 1930 qni
887 1867 914 1918 in
925 1868 1041 1918 omnibns

78 1940 170 1992 obtinet
189 1943 268 1994 libris
294 1938 408 1999 Amint
430 1935 486 1998 ted
507 1954 613 1997 omnes
634 1934 781 1997 mulieres
802 1955 906 2015 neque
926 1937 1043 1998 iniuria

46 2073 51 2084 .
79 2015 134 2067 alibi
149 2021 280 2083 probabo.
301 2048 336 2058 -—
356 2021 389 2072 V.
402 2019 437 2074 69
454 2037 505 2072 non
524 2019 611 2070 dubito
627 2019 688 2083 quin
696 2021 875 2070 anzsomvs
888 2036 947 2071 vere
957 2015 1042 2072 emen·

79 2091 172 2146 daverit
194 2091 291 2150 drani
311 2092 417 2151 ambae
439 2095 472 2152 ei
494 2091 660 2171 dpsecrnni
679 2097 797 2160 idemque
815 2093 1041 2163 ubireeteprae-

81 2173 209 2230 ferendam
224 2195 284 2232 esse
296 2183 444 2234 iudicaverit
456 2183 574 2234 Prmts
586 2187 752 2232 nomentanam
768 2177 858 2252 quim
872 2192 928 2233 nos
943 2173 1043 2233 acturi

81 2269 190 2319 sumus.
213 2291 261 2304 -
291 2265 323 2316 V.
342 2261 378 2319 87
402 2277 440 2315 nv
465 2265 595 2316 verissime
620 2263 708 2316 vidisti
730 2255 927 2330 ‘interpolationi
955 2263 1043 2313 deberi

83 2337 183 2402 eiusque
200 2341 261 2393 loeo
281 2343 344 2394 duos
363 2344 424 2394 olim
440 2343 518 2394 leotos
538 2355 594 2392 esse
611 2342 696 2408 ipsum
712 2354 804 2390 nomen
818 2338 923 2389 Latinae
938 2337 1041 2389 inbulae

83 2407 230 2472 prodentes,
258 2411 327 2462 velut
345 2413 391 2463 tali
412 2411 526 2476 exemplo
545 2410 581 2460 lii
598 2409 677 2461 Militi
694 2425 749 2460 esee
764 2408 877 2472 pidrioeo
893 2407 997 2473 fribulae
1017 2403 1032 2478 Π

84 2471 170 2528 Nuntio
183 2486 265 2544 poete
281 2477 361 2534 adluit
376 2495 470 2532 uorem
487 2469 613 2531 bdrbore'.
631 2505 665 2517 -
684 2479 716 2529 V.
733 2475 780 2532 tlt
806 2493 863 2528 oum
880 2477 1040 2530 anzsoaro

84 2565 146 2602 nuno
162 2557 201 2608 sio
219 2557 331 2610 seribere
347 2558 434 2610 malim
453 2551 489 2610 in'
508 2547 617 2625 illum,
637 2549 675 2608 fit
696 2546 779 2628 quod
801 2547 833 2608 di
847 2545 973 2608 uolunt:
995 2571 1042 2606 neo

85 2641 184 2692 possum
211 2650 264 2686 non
287 2635 369 2686 eidem
393 2633 524 2699 astipulari
543 2649 568 2684 v.
585 2629 637 2686 169
657 2632 785 2698 praeclare
805 2633 843 2682 sio
860 2633 1042 2698 redintegranti

88 2692 257 2793 Adgrediar
284 2719 450 2782 hominem.
501 2717 563 2780 Pu.
590 2701 688 2778 deine
716 2716 881 2777 adnorsum
907 2717 960 2777 hie
989 2715 1043 2794 qni

29 2854 30 2870 ,
88 2794 208 2862 ἑᾶῐιθιιίῐ
230 2800 450 2883 [ΡιῙιέεῒῐίοῙὶῑ
476 2811 526 2860 nisi
551 2810 620 2873 quod
643 2803 694 2880 qui
714 2801 801 2861 uenit
822 2816 951 2876 praestare
975 2807 1042 2856 arbi·

87 2884 134 2930 lror
157 2893 183 2934 ut
201 2887 332 2938 Plautinae
350 2886 528 2938 consuetudini
545 2885 768 2937 accommodatius.
787 2911 824 2922 -
843 2886 953 2936 vberius
974 2885 1043 2934 idem
1082 2916 1083 2920 ,

90 2947 201 3004 desumo
224 2955 256 3006 de
280 2957 317 3007 eis
343 2971 409 3020 quae
431 2971 456 3006 v.
470 2950 520 3006 185
539 2955 668 3020 excipiunt
692 2961 716 3004 et
735 2955 771 3004 ita
789 2954 892 3016 quidem
911 2960 937 3003 ut
956 2960 1043 3004 eontra

89 3029 158 3073 m!
175 3023 206 3074 de
224 3024 273 3076 boo
290 3025 345 3077 loeo
365 3025 562 3093 disputationem
573 3025 599 3074 in
610 3021 769 3089 praefatione
778 3023 865 3074 Militis
874 3038 900 3088 p.
910 3035 975 3073 narr
985 3036 1040 3085 sqq.

89 3087 177 3142 edium
202 3093 322 3145 librorum
346 3094 495 3146 memoriam
521 3095 549 3144 tn
569 3094 645 3142 rebus
662 3099 760 3142 tantum
777 3107 828 3143 non
848 3092 966 3143 omuibus
984 3105 1042 3140 sus-

31 3161 35 3194 t
91 3161 178 3212 tentare
204 3171 310 3214 conatus
335 3166 377 3215 sit.
407 3163 599 3226 mibi‚qnidem
616 3161 656 3212 vir
674 3161 836 3212 doetissimus
854 3177 902 3211 neo
919 3159 1042 3211 vindicius

90 3237 132 3276 neo
154 3232 309 3283 oonieoturas
335 3247 396 3284 suas
419 3233 537 3298 probarit
559 3239 584 3283 et
605 3247 637 3280 ex
654 3228 695 3280 hie
715 3230 818 3294 quidem
835 3245 912 3283 unam
930 3229 1043 3280 omnium

90 3295 186 3350 maimo
209 3317 265 3352 eam
288 3318 338 3366 qun
360 3303 448 3354 versui
466 3299 516 3354 191
534 3301 685 3352 sententiam
703 3302 840 3350 obscenam
856 3297 992 3364 supposuit
1011 3296 1043 3345 de

93 3377 136 3440 qut
151 3377 226 3434 poeta
241 3369 291 3422 boo
309 3371 413 3435 quidem
432 3371 488 3421 looo
506 3387 539 3421 ne
557 3369 697 3420 insomnis
716 3369 819 3433 quidem
836 3367 970 3432 cogitavit:
996 3363 1043 3444 sed

92 3438 173 3488 titium
195 3439 338 3504 iterumque
360 3441 494 3506 pensitatis
518 3438 659 3488 rationibus
681 3453 697 3486 a
722 3451 759 3490 *ru
784 3446 809 3488 et
826 3437 857 3486 ab
876 3434 920 3484 illo
937 3433 1037 3500 proter·

92 3513 181 3566 omum
202 3508 265 3562 duas
286 3524 327 3560 res
357 3509 389 3560 ad
414 3509 594 3574 disputationis
611 3519 682 3556 aran
701 3521 826 3557 summam
844 3503 918 3554 redii.
938 3517 997 3566 quw·
