2482 3936
139 227 181 292 20
501 223 736 287 PlAVTl
884 235 1095 294 ulnae—2⁵9

15 441 22 449 -
140 381 374 480 Amphitruonis
384 398 631 476 egoumseruos
640 395 737 456 Sosia.
768 396 840 457 ΜΕ.
859 397 962 459 Etiam
970 393 1096 454 denuo?

140 499 199 561 SO.
221 497 334 556 Patrem
348 496 422 575 feoiq
435 494 546 557 foedus
560 497 633 574 feei,
648 496 724 556 uera
735 492 815 556 alico.
856 496 930 558 ΜΕ.
945 494 1074 576 thula.

140 597 199 658 SO.
232 579 276 656 Vt
290 591 396 674 lubet,
420 593 503 675 quod
524 596 583 656 tibi
607 591 697 655 lubet
723 593 789 674 fao,
819 577 960 675 qnoniam
983 593 1094 675 pugnis

595 691 774 776 plrisuales.
1042 701 1095 756 396

140 795 257 858 Verum
267 800 338 856 utut
348 793 513 874 faotairn's,
532 795 593 855 hoo
604 791 728 873 quidem
738 791 846 854 hercle
863 793 937 854 haut
953 793 1094 853 reticebo

596 898 709 952 tamen.

138 992 211 1054 ΜΕ.
246 991 297 1051 Tu
326 1009 376 1052 me
402 993 492 1052 uiuos
519 988 613 1051 hodie
635 1009 800 1070 numquam
820 990 917 1052 iacies
941 992 1014 1071 quin
1036 990 1094 1050 sim

597 1088 695 1149 Siluia.

140 1186 199 1248 SO.
233 1187 328 1248 certe
357 1186 472 1270 edepol
502 1194 536 1248 tu
565 1205 614 1247 me
643 1185 793 1248 tlieuabis
822 1187 986 1267 nimquam
1020 1187 1093 1266 quin

595 1288 702 1348 noster
714 1289 806 1348 siem:

137 1385 203 1447 Nee
214 1389 304 1449 nobis
314 1388 442 1468 praeter
452 1407 502 1448 me
514 1388 704 1468 quisquamst
714 1383 793 1446 allius
804 1405 912 1447 seruos
923 1385 1019 1446 Sosia.
1041 1393 1095 1446 400

140 1487 212 1564 [Qui
225 1508 293 1548 oum
303 1490 530 1569 Amphitruone
540 1489 614 1548 hino
625 1507 685 1546 uua
694 1487 792 1547 ieram
802 1485 1038 1565 inexercitum]

138 1585 211 1646 ΜΕ.
243 1585 303 1646 Hie
325 1587 417 1646 homo
435 1605 525 1646 sanus
543 1588 605 1646 non
624 1590 682 1644 est.
724 1583 784 1644 SO.
808 1581 898 1660 Quod
911 1583 987 1644 mihi
1003 1582 1094 1663 pree·

598 1682 681 1744 dieas
692 1685 816 1762 uitium,
828 1681 861 1743 ld
873 1683 971 1743 tibist.

139 1782 236 1861 Quid,
247 1782 375 1863 malum,
393 1803 455 1844 non
467 1785 534 1846 stim
547 1803 604 1864 ego
617 1802 725 1845 seruos
737 1767 970 1865 Amphitruonis
983 1781 1071 1843 Sosia

137 1880 247 1942 Nonne
258 1882 316 1941 hae
327 1886 422 1942 uoetu
433 1884 539 1944 nostra
549 1885 637 1943 nauis
647 1883 708 1942 hrio
719 1901 758 1943 ex
768 1889 862 1963 portu
871 1883 999 1944 Persico

138 1977 244 2058 Venit,
256 1997 335 2059 quae
347 1998 397 2039 me
409 1979 556 2042 aduenit?
567 1999 669 2042 nonne
682 2001 731 2042 me
741 1981 803 2041 haio
814 1983 1088 2043 erasmisltmeus=

136 2078 247 2140 Ninue
259 2098 317 2160 ego
329 2099 411 2142 nuno
422 2087 470 2142 sto
482 2087 554 2142 ante
565 2079 650 2142 aedis
661 2081 806 2142 nostrus?
817 2085 879 2143 non
890 2083 962 2142 mist
971 2082 1091 2144 laterna

418 2206 427 2214 ·
532 2203 533 2206 ’
595 2183 627 2240 in
639 2181 752 2241 manu?
1038 2187 1089 2242 406

136 2276 205 2338 Non
221 2274 358 2358 loquor?
378 2297 440 2336 non
450 2275 569 2357 uigilo‘l
590 2298 653 2339 non
666 2279 718 2339 hio
730 2281 822 2341 homo
834 2298 882 2340 me
893 2279 1003 2361 pugnis
1016 2281 1090 2338 eon-

591 2374 696 2437 tuditi

134 2471 227 2532 Fecit
237 2468 363 2532 hercle:
385 2477 455 2533 mim
466 2473 508 2532 mi
518 2475 633 2535 misero
646 2476 739 2535 etium
749 2493 830 2534 nune
841 2471 938 2534 molae
949 2468 1067 2546 dolent.

136 2571 217 2649 Quid
226 2573 322 2652 igitur
333 2591 391 2653 ego
403 2571 599 2635 daibitol‘aut
611 2595 689 2655 quor
699 2593 762 2635 non
771 2575 854 2633 intro
866 2591 903 2632 eo
912 2572 1088 2631 innostrtm

593 2671 761 2735 domuml.

134 2767 206 2830 ΜΕ.
249 2767 346 2848 Quid,
378 2769 501 2832 domum
529 2771 688 2831 nostram?
750 2769 811 2830 SO.
849 2753 895 2829 lta
918 2769 1088 2831 enimuero.
1201 2765 1203 2770 ’

590 2868 662 2928 ΜΕ.
684 2870 765 2945 Quin
777 2886 856 2948 quae
875 2865 979 2929 dixisti
996 2868 1088 2929 modo

115 2955 118 2960 “
136 2950 246 3026 Omnia
253 2959 444 3028 ementitu’a:
459 2964 603 3044 equidem
614 2985 680 3026 sum
688 2949 922 3048 Amphitruonis
931 2968 1028 3028 Saisia.
1036 2975 1088 3029 411
1154 2999 1163 3007 ·

133 3065 209 3128 Nom
219 3072 314 3127 noctu
324 3069 382 3128 huo
394 3063 526 3126 solitast
537 3067 624 3127 nauis
635 3069 742 3129 misire
753 3086 771 3128 e
782 3075 876 3149 portu
886 3069 1025 3146 Persico,

133 3151 175 3227 Εῐ
185 3167 239 3227 ubi
249 3163 376 3226 Pterela
386 3166 442 3225 rex
454 3166 597 3244 regnauit
609 3167 755 3248 oppidum
767 3170 1014 3251 expugntuimus‚

134 3250 175 3326 lit
183 3264 324 3346 legiones
336 3262 544 3327 Teloboarum
554 3270 587 3327 ui
599 3269 764 3348 pugnaudo
777 3271 923 3351 sepimus,

132 3345 173 3420 Et
196 3365 282 3446 ipsus
303 3363 488 3443 Amphitruo
516 3367 714 3447 optruuoauit
741 3370 847 3448 regern
871 3349 1027 3429 Pterelam
1053 3367 1087 3427 in

589 3463 718 3547 praelio.
1034 3476 1087 3530 415
