2482 3936
244 306 325 360 XVIII
568 303 726 357 EPISTVLA
747 303 873 355 CRITIGA

245 475 399 527 quamquam
422 461 512 512 eadem
538 459 593 510 lere
612 467 719 523 utroque
737 459 813 508 versa
832 456 984 524 exprimitur
1001 439 1148 515 sinantia,
1181 460 1215 504 ta

244 546 304 581 men
327 529 355 581 id
377 545 430 580 non
448 530 512 580 sotis
530 543 623 580 causae
641 543 698 579 esse
717 527 825 579 arbitror
840 534 869 577 ut
887 526 995 578 alteram
1013 539 1047 580 ex
1065 521 1215 589 interpola

243 600 313 658 tione
338 600 473 664 irrepsisse
490 605 631 650 statuamus
648 596 798 664 praesertim
814 597 842 645 iu
858 596 907 647 hac
924 593 1026 646 fabulae
1047 599 1126 661 perte
1145 607 1215 656 qua

243 682 295 718 una
314 673 353 718 est
372 668 479 720 existis
497 668 581 718 scenis
601 667 632 718 de
650 667 742 730 quihus
760 677 798 715 ur
813 664 944 732 Parergon
961 657 1144 731 vol.1.p.237
1154 662 1215 712 bre

242 739 309 788 riter
327 737 417 802 egisti,
435 751 501 801 quae
519 743 563 788 aut
581 735 682 802 prologi
700 735 755 786 vioe
768 732 1073 800 funguntur(utMil.lIl
1086 728 1215 796 Gistl3

244 813 288 855 aut
305 811 334 854 ut
350 806 415 856 haer
432 805 470 871 (v.
481 802 534 857 463
551 806 586 857 ad
601 801 667 870 498)
687 819 718 855 ea
734 818 799 867 quae
815 803 923 870 prologo
943 810 1058 854 euastata
1071 808 1133 851 sunt
1147 813 1214 866 eup

242 874 322 938 pient.
336 875 363 923 in
380 875 421 924 his
440 882 525 925 autem
544 875 626 924 scenis
643 881 673 922 ut
689 874 716 923 iu
734 872 799 938 IpsIs
816 871 930 938 prologis
942 879 1020 937 poeta
1032 873 1089 921 sive
1101 867 1215 920 Plautia

243 943 292 992 fuit
316 943 372 993 sire
391 943 457 994 alius
474 945 532 1007 quis
548 943 679 993 Plautinae
696 941 800 1006 quidem
818 942 880 991 nnis
898 941 1083 992 scientissimus
1101 937 1215 1005 prolirrt

244 1012 355 1075 quedem
377 1015 499 1064 orationis
521 1013 675 1064 verbositate
696 1012 775 1062 utitur
798 1025 863 1073 quae
882 1008 933 1061 hoo
949 1011 1053 1074 quidem
1070 1007 1180 1058 ambitu
1207 1023 1215 1058 ι

242 1079 337 1131 relicuo
355 1095 472 1133 sermone
489 1082 604 1133 Plautino
623 1080 708 1132 alitent
726 1086 772 1130 est.
793 1081 841 1131 sed
857 1077 920 1130 illud
937 1088 992 1130 'rtur
1009 1079 1113 1143 quidem
1129 1076 1215 1127 facilc

194 1161 198 1165 ·
241 1147 339 1216 largior
355 1151 418 1202 villa
433 1150 573 1202 tralaticiae
590 1150 682 1201 horum
700 1163 820 1200 versuum
833 1149 974 1214 scripturae
985 1148 1125 1200 manifesta
1137 1161 1215 1197 esse,

242 1233 273 1268 ao
294 1233 397 1270 versum
421 1221 525 1284 quidem
547 1215 600 1270 490
625 1221 669 1283 qui
692 1219 719 1268 in
743 1217 815 1268 libris
832 1217 955 1268 PlautInis
977 1219 1016 1268 sle
1034 1218 1147 1282 scriptus
1172 1231 1215 1266 est

241 1286 278 1337 Et
294 1289 452 1340 clandestina
469 1297 498 1341 ut
515 1291 610 1340 celetur
627 1289 736 1352 saepiae
754 1294 899 1354 cormptum
917 1301 975 1337 esse
993 1287 1075 1353 ipsius
1093 1284 1215 1348 antiqui·

240 1357 301 1405 tatis
318 1358 464 1410 testimonio
474 1359 608 1410 docemurt
626 1373 642 1408 a
658 1356 756 1408 Donato
776 1358 844 1406 enim
858 1357 886 1406 in
899 1355 956 1408 Ter.
966 1353 1158 1421 Adelph.lllIb
1174 1351 1215 1406 32

241 1425 279 1474 sio
297 1427 406 1492 scriptus
424 1429 451 1478 in
469 1429 580 1480 odilloue
596 1427 713 1493 prIuoipe
732 1424 845 1476 adfertur
873 1425 910 1476 Vt
926 1425 1079 1475 clandestine
1097 1430 1122 1473 et
1139 1425 1215 1475 cele·

240 1501 283 1543 tar
306 1496 470 1557 conaoema,
499 1496 568 1546 unde
591 1497 643 1545 iam
664 1494 805 1544 Sororrrrs
822 1493 952 1544 arcessitis
969 1493 1010 1543 his
1027 1493 1113 1544 verbis
1130 1491 1215 1544 Pauli

239 1562 392 1614 breviatoris
410 1565 478 1614 Festi
499 1580 526 1630 p.
537 1562 569 1616 61
590 1554 853 1614 ‘concoctionem
876 1563 980 1613 Plautus
998 1576 1046 1627 pro
1068 1569 1215 1614 masuetu-

241 1630 301 1680 dine
324 1622 397 1682 dixit'
415 1647 474 1683 eum
491 1633 528 1682 ita
546 1631 655 1684 restituit
671 1639 700 1682 ut
717 1632 744 1681 in
761 1630 810 1682 hac
827 1632 940 1683 editione
958 1631 1033 1682 dedi:
1057 1631 1104 1682 sed
1121 1631 1215 1684 artius

241 1699 317 1749 etiam
340 1702 474 1767 premendi
496 1708 568 1752 eraut
591 1701 682 1751 ductus
699 1699 829 1769 literarum
846 1701 873 1751 iu
890 1701 983 1752 Donati
1002 1700 1112 1751 editione
1129 1701 1215 1764 prin-

240 1769 297 1833 cipe
313 1772 468 1832 extantium,
491 1771 560 1822 unde
577 1770 645 1820 huno
660 1783 764 1820 remum
782 1785 833 1821 non
852 1770 940 1822 dubito
961 1771 1000 1820 sle
1017 1769 1143 1834 corrigere
1170 1771 1215 1823 Vt

239 1837 395 1889 clandestina
421 1839 484 1890 baec
506 1838 553 1906 (an
570 1837 636 1904 eal)
660 1841 755 1890 celetur
777 1841 911 1890 wneuetio.
940 1846 993 1889 tum
1016 1853 1077 1890 vero
1100 1836 1211 1902 asso,

240 1906 309 1968 quod
326 1920 362 1956 nv
381 1923 482 1972 quoque
498 1907 672 1974 proposuisti,
692 1914 717 1958 et
735 1920 788 1958 rvo
806 1923 885 1958 suasu
902 1908 979 1974 paulo
999 1909 1144 1958 immutatus
1164 1907 1210 1961 illi

238 1976 432 2092 polstponendus
450 1983 497 2028 est.
518 1993 549 2028 en
567 1975 645 2042 igitur
663 1991 753 2027 versus
767 1973 820 2030 487
839 1978 873 2028 ad
889 1975 942 2028 490
959 1984 987 2028 ut
1006 1993 1073 2028 nunc
1089 1977 1210 2042 scriptos

238 2059 270 2092 ve
281 2059 316 2094 rm
674 2061 676 2065 ·

280 2112 375 2175 Pattr
397 2115 518 2176 curabit
539 2113 691 2196 [Iuppiter
713 2117 847 2178 summm
869 2117 968 2196 meus]

279 2195 349 2260 Vno
374 2201 409 2260 dt
428 2197 546 2260 labore·
560 2196 701 2280 opsdluet
723 2203 883 2262 aerumnis
905 2200 991 2278 duas,

279 2280 535 2346 Vtoltndertrna
554 2283 633 2345 haec
654 2282 776 2346 celetur
799 2285 969 2362 consultio,

278 2363 326 2425 Ne
349 2365 427 2448 [illa]
447 2370 481 2428 tn
500 2369 672 2448 auspitidne
692 2372 827 2451 pouetrir
849 2369 958 2449 stupri.

236 2449 268 2501 V.
279 2446 331 2502 507
350 2465 384 2500 ex
402 2452 542 2501 coniunctis
556 2453 709 2503 testimoniis
723 2454 845 2505 librorum
859 2451 1032 2502 Plautiuorum
1046 2452 1089 2515 qui
1102 2451 1204 2504 habent

236 2515 401 2570 Obeenwtote
424 2536 497 2586 aram
519 2519 611 2571 blande
631 2523 740 2586 mulleri
753 2520 902 2586 palpabitur
926 2527 951 2570 et
972 2519 1065 2571 Donati
1087 2521 1112 2570 iu
1137 2520 1198 2572 Ter.

235 2585 345 2652 Adelph.
357 2589 450 2653 proli
470 2589 594 2640 Obseruat
611 2605 690 2642 orare
708 2598 736 2642 ut
750 2591 842 2641 blande
856 2577 978 2653 palpetur
994 2591 1092 2641 callere·
1103 2595 1126 2639 et
1135 2587 1199 2640 Ser-

234 2656 272 2705 rii
289 2656 315 2705 lu
329 2656 393 2706 Aen.
405 2657 441 2708 XI
455 2655 506 2711 ⁷25
523 2657 663 2711 Obremrato
676 2675 749 2726 qaam
763 2659 855 2710 blande
868 2661 1037 2722 mppalpatur
1050 2660 1145 2710 mattas
1156 2662 1200 2710 sic

235 2731 453 2785 reconcinnanduo
469 2743 508 2786 eet
528 2712 737 2809 Opseruatote
752 2730 822 2790 ium
838 2747 928 2807 quam
941 2725 1056 2789 blande
1071 2725 1198 2808 rippal-

234 2812 326 2886 potor
346 2807 480 2872 mdlierl.
501 2843 546 2860 —-·
567 2819 600 2870 V.
620 2816 673 2870 514
696 2818 835 2870 seeundum
859 2835 890 2870 ea
913 2833 979 2883 quae
1002 2833 1039 2869 rr
1062 2834 1141 2884 nuper
1158 2823 1197 2872 ad

235 2887 1196 2960 Stich.516deprosodiaetscriptureberladverbiidoeuiativerbssicesse

234 2969 424 3032 transponenda
451 2970 569 3021 videntur
593 2962 701 3025 Media
725 2969 819 3024 nocte
843 2965 914 3025 heri
943 2965 1078 3042 uenisti,
1110 2964 1194 3025 nine

234 3042 308 3104 abis.
325 3076 370 3092 --
388 3051 422 3103 V.
432 3049 485 3102 520
502 3069 553 3104 non
563 3054 715 3118 persuasisti
723 3053 786 3104 milri
795 3063 964 3107 correcturum
973 3070 1048 3106 uvare
1057 3057 1082 3104 in
1090 3054 1190 3120 Proleg.

232 3125 300 3176 liin.
317 3142 344 3192 p.
355 3141 447 3180 ouxxn
464 3130 624 3195 propositam
642 3131 689 3180 sed
703 3131 813 3196 praetuli
829 3132 898 3195 quod
913 3131 1083 3184 Gummmvs
1098 3145 1190 3196 posue-

232 3200 286 3246 rat:
305 3210 382 3264 aegre
401 3199 468 3248 enim
483 3201 530 3262 pal
545 3198 695 3263 particulam
714 3199 881 3251 desiderarim
895 3216 972 3265 quam
986 3216 1037 3252 uon
1054 3200 1133 3250 solum
1145 3200 1188 3251 de-

231 3272 337 3328 pravata
360 3268 486 3334 scriptura
501 3267 535 3318 V.
551 3267 578 3321 G.
597 3268 650 3330 Quo
673 3271 729 3334 lega
745 3269 792 3319 sed
809 3271 886 3320 etlam
904 3271 1060 3321 cousuetudo
1078 3268 1189 3320 Plautina

232 3330 282 3396 (ol.
307 3336 383 3386 modo
408 3334 502 3401 Amph.
520 3333 587 3387 1030
606 3334 674 3390 1043
697 3337 750 3388 Mil.
760 3334 827 3390 371:
846 3339 907 3390 hinc
925 3341 1002 3390 etlam
1019 3339 1118 3389 Men.V
1135 3337 1150 3386 5
1170 3339 1185 3388 5

233 3400 272 3450 sio
293 3403 504 3471 redintegrandus
529 3404 628 3457 videtur
644 3406 719 3468 Quem
738 3405 802 3474 [pol]
821 3423 867 3474 ego
883 3406 1044 3473 Manem..)
1065 3421 1186 3458 commen-1

233 3467 290 3518 dat:
317 3479 402 3523 tamea
426 3489 492 3524 unuc
515 3474 592 3524 etiam
613 3478 720 3542 propius
745 3477 836 3541 optimi
858 3478 917 3528 libri
939 3479 1077 3529 memoriae
1102 3475 1184 3526 meliro

237 3535 314 3614 Quoi
328 3539 407 3623 [pol]
423 3561 481 3624 ego
495 3543 556 3605 hoo
568 3545 629 3606 lam
644 3547 782 3628 scipione
792 3593 799 3610 .
809 3575 821 3610 .·
833 3552 1021 3621 (sonmaamoa
1029 3550 1184 3605 matmdabc
