2556 3934
202 252 265 318 308
563 244 797 309 PLAVTI
961 258 1161 316 mess—74

203 424 246 486 Et
257 425 328 484 eim
339 421 511 484 rediturum
523 419 668 479 uetitum.
691 419 774 479 ieret
785 415 934 499 epistulas

179 509 187 520 “
203 523 302 583 Duas:
325 519 377 583 ees
388 539 444 580 nos
455 516 679 597 consignemus,
691 519 989 599 quusisintipntre.
1108 521 1160 580 775

204 621 252 682 llli
264 620 319 682 det
330 618 468 698 ultorem,
481 617 610 678 illerum
622 615 705 676 dieit
715 618 774 678 tibi
873 685 876 689 .

204 722 287 783 Dore
298 722 369 782 see
379 717 472 781 uelle.
507 718 570 780 CA.
592 717 695 797 Perge
706 737 801 798 porro
813 717 930 781 dicere.

205 821 277 884 ME.
301 820 405 902 Seque
418 821 525 880 sirum
536 818 624 878 ferre
634 820 749 898 uirgini
761 818 866 880 dotem
877 823 994 900 ipstre

204 921 294 981 llicit
303 925 486 1000 putremque
495 917 530 978 id
539 918 666 979 inruisse
677 935 783 979 aurum
794 919 853 979 tihi
865 916 948 980 dure.

206 1018 311 1078 Tenes
336 1016 421 1076 iuml
462 1015 524 1078 CA.
559 1012 773 1096 Propemodo,
801 1019 893 1096 itque
921 1012 1058 1075 ausculto
1086 1015 1160 1094 per-

659 1109 778 1174 lubens.
1107 1116 1161 1172 780

128 1201 130 1207 ’
204 1213 276 1277 ΜΕ.
300 1214 381 1274 Tum
390 1217 425 1272 tu
435 1213 530 1292 igitur
541 1210 662 1272 demum
671 1210 707 1272 id
717 1209 910 1272 idulesoenti
921 1211 1028 1272 surim
1040 1208 1137 1286 debis,

204 1315 266 1376 Vhi
278 1317 339 1374 erit
348 1311 451 1374 locutu
460 1315 550 1392 uirgo
560 1313 593 1372 in
604 1313 839 1373 matrimonium.

205 1415 268 1476 CA.
292 1413 377 1474 Seite
394 1410 502 1473 hercle
519 1430 603 1474 sune.
635 1411 708 1476 ΜΕ.
731 1411 810 1490 Hoc,
827 1410 882 1471 tbi
895 1409 1095 1471 thensaurum
1106 1427 1158 1469 ee-

660 1508 790 1587 foderis,

205 1610 413 1690 suspitionem
423 1609 461 1669 ub
471 1606 670 1670 iduleseente
682 1609 842 1669 amdueris.

205 1703 826 1786 censebitaurumessedpotreodlstim
836 1706 911 1766 tibi:
1105 1711 1156 1768 785
1206 1751 1208 1754 -

205 1807 255 1866 Tu
266 1803 306 1864 de
315 1805 482 1864 thesauro
494 1807 606 1868 simes.
638 1805 701 1867 ΟΔ.
723 1804 806 1865 Setis
817 1805 894 1865 scite
909 1805 1066 1886 etprobe:

204 1904 393 1983 Quemquam
403 1903 464 1963 hie
474 1921 523 1964 me
535 1905 645 1964 eetetis
656 1904 875 1987 sdenphnntnri
885 1902 992 1986 pudet.

205 2001 261 2063 Set
271 1999 421 2083 epistulas
432 2001 553 2083 quondo
565 2004 740 2084 dpsignatss
753 2001 887 2081 idieret,

203 2103 313 2165 Nonne
325 2104 485 2166 srbitraris
495 2106 561 2165 tium
572 2103 804 2166 adulescentem
814 2103 898 2165 iuuli

203 2201 331 2264 Paterni
342 2201 460 2283 signum
470 2204 617 2264 noluisse?
648 2205 719 2266 ΜΕ.
741 2204 843 2266 litium
853 2203 889 2264 tir
899 2199 1007 2262 taces?
1105 2207 1156 2262 790

204 2299 372 2362 Seseeutee
384 2300 423 2360 ud
433 2320 501 2362 eom
510 2321 578 2362 rem
590 2304 701 2363 cauisse
712 2307 843 2384 possunt
853 2299 982 2379 conligi:

201 2398 281 2461 Ειιιιι
293 2418 384 2479 quem
394 2401 502 2461 hibuit
511 2400 660 2481 perdidit,
673 2401 765 2463 ilium
774 2407 847 2482 post
856 2401 934 2461 feeit
943 2418 1064 2460 nouom.

201 2497 264 2558 lom
278 2499 305 2559 si
315 2500 489 2579 opsignatas
499 2501 562 2559 nin
571 2500 665 2579 feret,
678 2498 740 2560 dici
750 2499 809 2560 hoe
819 2503 925 2580 potest

201 2595 287 2678 Aput
296 2598 466 2676 portitores
477 2595 530 2658 ees
540 2599 711 2677 resignetis
722 2599 782 2658 sihi

201 2692 420 2775 lnspdotssque
432 2712 510 2755 esse.
530 2696 564 2754 iu
573 2693 665 2755 lidius
675 2693 760 2758 modi
769 2695 895 2775 negotio
1104 2698 1154 2755 79⁵

202 2791 292 2852 Diem
303 2811 446 2854 sermone
458 2795 564 2854 terere
575 2795 723 2873 segnities
733 2799 864 2854 mer-ost:

201 2891 347 2967 Qusmui
358 2909 517 2952 sermones
527 2894 657 2972 possunt
666 2889 753 2971 longi
762 2892 874 2952 texier.

200 2990 261 3050 Abi
276 2988 315 3049 id
324 2990 524 3052 thensaurum
534 2993 595 3053 idm
606 2991 769 3052 confestim
781 2987 968 3052 oldueulum:

201 3087 326 3167 Seruds,
339 3089 465 3152 ancillor
477 3094 600 3151 imoue:
623 3097 715 3170 etque
728 3088 841 3150 audin?
872 3089 935 3150 CA.
956 3084 1038 3165 Quid
1049 3085 1120 3146 est?

200 3186 272 3248 ΜΕ.
295 3187 431 3248 derem
447 3207 569 3268 quoque
586 3206 710 3271 eumpse
729 3188 810 3248 hine
825 3205 893 3248 rem
909 3187 957 3258 uti
974 3182 1057 3246 eeles
1067 3183 1153 3243 lece:

201 3284 229 3344 N
230 3305 277 3344 um
287 3283 342 3365 pol
354 3290 461 3346 tueere
473 3287 638 3367 nimquam
651 3287 843 3366 quicquamst
853 3282 936 3365 qudd
948 3286 1070 3363 queunt.
1100 3288 1150 3342 801

199 3382 282 3459 Quid
293 3384 375 3443 nino
386 3382 472 3443 stas?
493 3386 568 3463 quin
583 3391 619 3445 tu
628 3385 702 3444 hino
714 3383 771 3463 [te]
782 3388 906 3446 tmoues
917 3387 951 3442 et
959 3381 993 3440 te
1003 3379 1133 3439 moues?

201 3484 307 3563 Aperi,
320 3479 468 3563 deprome
479 3481 552 3546 iude
564 3485 633 3547 miri
644 3481 683 3544 ed
692 3482 772 3543 hune
783 3499 851 3543 rem
861 3479 945 3561 quod
954 3485 1002 3540 sut
1013 3484 1077 3539 est:
