2482 3936
202 242 258 293 VIII
532 243 689 294 EPISTVLA
707 241 832 294 cumton

200 396 326 448 ohctetm'ce
343 396 466 447 suadente
483 395 526 446 illo
542 410 618 447 versu
632 396 664 447 V.
676 395 703 447 6.
713 397 860 447 auctoritate
878 397 1162 464 etanaiogiareatitn'm

201 471 226 514 et
248 466 348 516 institor
368 466 510 525 nominum,
535 472 560 514 et
581 467 606 514 iu
631 467 735 516 dilectae
755 465 820 516 Rnd.
833 462 902 518 1279
918 481 964 532 pro
983 467 1092 520 delectae
1105 469 1159 535 (ci.

199 534 266 584 Fest.
275 532 348 584 Pauli
364 549 391 600 p.
402 530 436 586 73
450 549 507 585 cnm
518 531 662 586 Mvsnnnar
674 533 862 602 adnotatione);
881 549 896 586 o
909 549 955 601 pro
965 539 1161 602 epraccedente

199 619 216 652 tt
233 611 386 654 consonante
402 603 428 653 in
445 617 522 654 uorrc
539 611 612 654 uortc
624 611 710 654 noster
726 609 782 653 acto
795 618 852 653 cum
867 617 914 653 aua
925 605 1014 656 subole
1023 614 1051 655 ut
1061 622 1160 658 enarro
1212 645 1214 648 -

199 685 323 722 coniecere
346 679 436 723 coorto
459 678 577 724 reuertar
599 673 734 723 adstarem
752 685 875 734 peruerse
892 674 1026 725 unicornus
1044 683 1069 724 et
1087 689 1159 738 quae

199 745 257 790 sunt
272 739 377 802 aImilia,
395 755 445 804 quo
463 742 489 791 in
507 755 600 808 genere
616 755 673 792 asro
690 740 946 792 anhuctivertilevem
957 744 1158 798 inconstantiam

200 829 275 878 quam
299 828 335 866 nn
357 822 495 882 praeeunte
518 815 621 866 admisi:
649 831 708 866 nem
724 815 789 865 Trin.
801 810 853 867 707
869 829 978 871 uorsus
999 831 1045 882 pro
1062 833 1159 868 aereus

199 894 275 944 etism
298 895 352 945 sinc
373 894 445 944 iihrIs
466 894 626 945 scribendum
647 895 729 945 fuisse
751 892 813 944 mihi
838 893 961 946 concedes
983 895 1006 946 si
1030 894 1158 963 relegeris

198 972 336 1032 Quinctiil
353 970 370 1026 7
388 973 422 1024 26
432 970 474 1040 *):
492 980 624 1040 praeterea
641 963 883 1024 controuorsittst
900 973 962 1024 mihi
977 975 1158 1039 reponendum

198 1065 251 1107 erat
268 1057 333 1108 liud.
344 1055 411 1119 826,
430 1057 522 1125 Amph.
532 1055 585 1110 326
601 1044 777 1108 interualli:
798 1071 828 1109 oe
847 1057 938 1123 scripsi
952 1071 999 1123 pro
1014 1058 1066 1109 ein
1078 1057 1157 1110 oboe-

197 1133 253 1182 dt'o:
279 1140 365 1183 contra
386 1133 479 1197 faenus
504 1147 551 1198 pro
576 1133 653 1197 senua
668 1131 709 1182 vel
731 1131 836 1196 sacam.-
860 1137 886 1180 at
911 1131 1003 1182 iniana
1025 1135 1158 1196 proelium

197 1210 287 1276 scripsi
304 1226 350 1276 pro
367 1199 523 1282 proelium
541 1211 610 1275 quod
627 1211 769 1261 restitutum
784 1209 860 1260 veiim
874 1206 1156 1276 emphitheosim

196 1280 249 1336 itt
267 1281 384 1351 (teptbo
398 1284 465 1337 nuc.
475 1281 557 1337 1154:
581 1302 598 1335 α
615 1299 662 1350 pro
680 1299 695 1334 e
712 1289 854 1335 constanter
871 1284 971 1335 servavi
989 1284 1015 1334 in
1033 1284 1156 1334 omnibus

196 1355 328 1418 gerundiis
346 1360 372 1404 et
392 1354 540 1419 gerundivis
561 1353 650 1404 tertiae
667 1367 744 1415 quam
759 1358 849 1403 vocant
866 1359 891 1403 et
908 1358 1013 1417 quantae
1030 1353 1156 1418 coniuga-

195 1423 272 1473 tionis
291 1430 320 1472 ut
341 1424 458 1488 apuadae
482 1423 575 1474 edamdi
596 1423 727 1472 climacus
746 1421 915 1487 quaerundum
929 1421 1047 1486 faciundi
1061 1436 1156 1471 conue-

195 1493 302 1543 sinnam
326 1489 443 1556 (minime
467 1499 553 1541 autem
578 1492 692 1556 gentium
714 1491 740 1539 in
761 1489 867 1540 uidendi
887 1503 962 1552 quem
986 1489 1094 1540 formam
1119 1491 1154 1539 ab

196 1560 312 1610 oscitanti
332 1560 434 1610 librario
454 1560 547 1626 Amph.
566 1555 619 1610 638
640 1557 724 1608 fletam
746 1557 794 1607 iuit
814 1557 858 1620 qui
878 1572 929 1608 non
956 1563 1152 1622 aspernaretur:

196 1647 306 1690 ceterum
321 1637 373 1689 Mil.
384 1634 420 1691 34
435 1624 729 1709 perhauriuntlumst
745 1635 905 1687 scribendum
917 1643 970 1686 erat
983 1642 1007 1687 et
1021 1635 1089 1685 Trin.
1096 1633 1154 1688 867

195 1711 368 1774 sistuntlae:
390 1729 547 1773 contranon
571 1719 654 1770 ausim
674 1719 727 1770 Mil.
738 1717 806 1771 1276
823 1719 967 1770 mutandae
989 1716 1152 1782 restitncra)t

195 1812 270 1862 epro
293 1797 346 1846 iin
367 1798 481 1860 intellepo
504 1803 529 1845 et
550 1795 653 1859 neplepc
676 1807 742 1857 quas
763 1792 861 1845 formae
888 1809 938 1844 non
961 1800 1059 1843 tantum
1080 1793 1154 1858 apud

193 1864 310 1916 Plautum
332 1866 379 1916 sed
401 1865 470 1930 apud
488 1878 575 1914 ornnes
592 1862 695 1912 Latinos
714 1862 849 1928 scriptores
866 1863 935 1913 solae
952 1860 1028 1912 iidem
1045 1861 1151 1920 hahent,

194 1936 220 1984 in
236 1933 316 1984 Aleae
333 1948 379 1999 pro
397 1935 472 1984 Alina
490 1931 574 1998 (quod
590 1947 623 1982 ex
639 1921 735 1988 Ilieicc
752 1929 837 1981 fictum
855 1939 894 1981 est
909 1938 937 1981 ut
954 1930 1099 1994 Philippeia
1118 1945 1152 1980 ex

194 2000 373 2066 Φιλῖπαειος,
389 2005 479 2068 platea
497 2017 530 2053 ex
546 1999 677 2066 πλατεῖα,
694 2015 844 2066 pynaeceaon
861 2001 1084 2065 exposcentium
1104 1997 1152 2048 ba·
1195 1985 1213 2008 ⁸

193 2074 282 2122 linctum
308 2087 340 2122 ex
361 2068 524 2140 βαλανεῖον,
549 2069 642 2121 chorea
663 2085 696 2121 ex
716 2068 840 2134 χορεία),
866 2069 892 2118 in
914 2071 991 2120 aeoutl
1015 2083 1062 2134 pro
1078 2068 1152 2118 amul
1212 2079 1213 2082 ’

193 2138 319 2205 (arunde
335 2141 411 2192 etiam
428 2141 553 2206 scriptura
568 2139 601 2190 V.
613 2137 639 2188 (l.
655 2137 814 2189 adcomlabo
831 2135 908 2188 Stich.
918 2135 979 2203 84),
997 2137 1104 2200 denique
1123 2137 1152 2186 in

192 2209 281 2260 lobene
297 2223 344 2276 pro
361 2209 444 2261 labiae
462 2208 539 2260 Stich.
547 2205 599 2262 721
609 2206 657 2273 (ci.
667 2207 730 2258 Non.
744 2205 841 2274 pito,
859 2201 1151 2257 undeiortasseMil.93

194 2277 272 2330 tebeth
291 2279 475 2330 restituendum
493 2286 544 2339 est,
567 2279 716 2344 praesertim
732 2292 789 2328 cum
807 2274 935 2326 Charisius
951 2277 963 2325 1
980 2289 1007 2340 p.
1018 2270 1052 2325 79
1069 2272 1152 2324 labris

192 2348 219 2399 in
240 2348 290 2398 hoc
309 2363 386 2399 versu
408 2348 498 2414 legerit
513 2348 583 2410 quod
599 2353 678 2396 metro
695 2341 849 2410 respuitur)z
872 2358 890 2392 α
904 2358 950 2408 pro
967 2343 1018 2392 liu
1034 2341 1151 2408 superia-

193 2418 252 2468 tivis
268 2423 293 2466 et
311 2416 482 2467 numeralibus
503 2423 532 2464 ut
549 2415 665 2465 demomte
681 2415 834 2464 utecnemuc
851 2419 1019 2462 centaurorum
1038 2421 1063 2460 et
1079 2412 1150 2462 armi·

191 2484 259 2535 hhus
285 2491 313 2533 ut
335 2488 462 2551 lepibotute
483 2485 627 2533 maritumum
647 2484 759 2531 laenam
777 2483 883 2530 atomon
900 2486 1009 2530 aetherto
1027 2480 1149 2536 corianam

193 2553 310 2603 omnibus
335 2553 374 2619 (at
394 2569 445 2604 non
469 2553 495 2602 in
513 2552 626 2602 mamaea
642 2565 719 2612 quam
736 2549 844 2598 iormam
863 2546 940 2600 Stich.
950 2544 1002 2600 381
1021 2549 1100 2598 errori
1117 2548 1150 2598 ii·
1196 2553 1213 2590 .’

191 2624 333 2673 lanariorum
352 2622 513 2674 tribuendam
537 2618 627 2686 puto),
650 2627 782 2684 praeterea
799 2619 826 2667 in
841 2616 908 2667 lubet
926 2632 984 2667 cum
1001 2617 1149 2668 conlabitum

192 2699 217 2741 et
233 2691 315 2742 lubido
334 2700 358 2741 et
374 2691 468 2741 relicua
484 2689 622 2756 progenie,
645 2689 672 2737 in
688 2689 789 2751 clttpeatc
805 2687 889 2737 cluens
907 2693 932 2737 et
949 2687 1048 2737 eluente
1065 2684 1148 2750 (unda

192 2771 268 2820 ctIam
286 2757 472 2821 cluentelam
489 2768 650 2820 scribendum
666 2774 719 2817 erat
735 2765 802 2817 Rud.
812 2780 866 2833 arg.
876 2761 908 2830 4)
925 2766 1079 2828 mancttpiacn
1092 2762 1148 2828 (mc

190 2845 270 2895 Invito
289 2845 355 2895 Ruti.
365 2841 418 2896 930
434 2845 558 2908 mancipio
573 2842 688 2892 relictum
704 2840 756 2905 est)
774 2840 902 2905 camusem
920 2855 977 2890 cnm
994 2841 1148 2902 carnuficium

190 2913 343 2978 manuleatus
366 2916 489 2978 aamtficc
512 2913 663 2980 mapmtfieua
686 2909 768 2975 (unde
789 2910 914 2975 poutttsec
930 2907 997 2974 tint.
1011 2903 1088 2967 1377,
1104 2908 1147 2972 fu·

190 2985 297 3045 muricem
314 2981 367 3033 Mil.
378 2979 444 3044 412,
466 2983 591 3046 opuflcina
607 2978 660 3031 Mil.
670 2977 735 3039 880,
754 2980 917 3044 spurcaficum
934 2976 1003 3027 Trin.
1013 2974 1079 3037 826,
1096 2991 1147 3025 αα·

190 3054 272 3114 nufica
289 3050 382 3116 Amph.
394 3048 458 3113 842,
483 3053 623 3117 mpnufioem
639 3049 705 3100 Rud.
716 3045 781 3110 896,
799 3048 944 3112 pacttflcari
961 3044 1037 3097 Stich.
1052 3041 1103 3097 617
1121 3051 1146 3095 et

191 3120 260 3183 quod
283 3120 436 3171 sescentiens
454 3121 546 3188 legitur
562 3119 700 3182 ludufioare
717 3118 863 3183 reponenda
880 3113 1012 3179 videntur)
1027 3114 1146 3176 mtrapto

192 3189 230 3239 vei
247 3190 365 3253 cuempio
382 3191 484 3255 oceupio
501 3191 591 3242 inedie
607 3188 722 3251 proaulio
741 3187 835 3236 dceulio
854 3183 932 3252 (quas
950 3185 1087 3248 scripturas
1104 3197 1144 3232 ra·

243 3400 267 3453 *i
281 3400 359 3442 eadem
374 3401 485 3454 serIptura
498 3409 579 3441 uertat
592 3409 645 3439 num
659 3397 726 3438 etiam
740 3394 819 3449 Amph.
829 3395 855 3436 116
870 3397 893 3436 et
906 3393 969 3447 Capi·
978 3392 1005 3435 116
1018 3390 1145 3446 reponenda

188 3454 219 3495 alt
238 3452 339 3498 debltam
358 3455 412 3497 iicet
430 3456 524 3509 propter
540 3456 629 3506 tempus
651 3461 695 3504 quo
716 3449 758 3490 boa
777 3448 882 3502 prologos
896 3448 1032 3500 compositos
1047 3457 1098 3490 esse
1115 3453 1144 3490 w

190 3505 299 3550 edocuisti
312 3511 424 3564 Peterson
439 3509 485 3552 voi.
498 3508 507 3551 1
522 3519 537 3562 p
551 3507 593 3548 282
607 3516 656 3558 σφι
675 3501 716 3548 aeti
731 3513 772 3554 ego
786 3501 835 3545 liiie
849 3511 938 3555 quoque
952 3501 1103 3555 praetulerim.
