2482 3936
153 197 195 262 40
514 193 748 256 PLAVTI
886 213 1112 268 112175-192

153 366 215 428 AL.
241 367 288 428 Τέ
300 365 469 427 dormitare
481 363 582 428 dibus:
601 385 707 428 mensu
719 367 865 432 abldtust:
888 372 1024 432 cubitum
1034 371 1110 432 hinc

607 469 744 530 tbiimus.

153 569 224 628 AM.
259 553 320 629 ibi
330 574 366 628 tu
377 567 533 628 cubuiti?
575 567 639 630 AL.
667 553 825 632 incudem
836 578 940 632 tecum
951 571 1012 632 tna
1022 569 1110 632 lectu

606 671 639 731 in
653 670 804 733 cubiculo.

152 771 224 832 AM.
253 771 434 834 Ptrdidisti.
491 771 551 833 SO.
581 771 662 850 Quid
681 772 793 835 tibist?
847 772 920 834 AM.
949 773 1035 832 Haec
1057 773 1111 834 md*

606 869 697 932 modu
710 869 749 932 sd
760 872 891 931 mortdm
903 869 999 931 dedit.

150 969 214 1030 AL.
239 969 401 1050 Quidium,
413 971 542 1032 amabo?
573 971 646 1031 AM.
665 971 772 1032 Ndme
784 967 916 1052 appella.
949 969 1008 1030 SO.
1025 968 1107 1046 Quid

605 1070 715 1130 tibist?
749 1070 822 1132 AM.
839 1070 928 1131 Perii
938 1071 1042 1148 miser,
1054 1077 1110 1132 810*

152 1169 230 1246 Quia
239 1165 408 1249 pudicitiae
419 1169 510 1230 huius
521 1171 631 1230 uitium
643 1188 691 1229 me
703 1171 776 1230 hinc
787 1175 946 1251 apsentest
957 1167 1104 1230 tuditum.

153 1267 215 1328 AL.
252 1251 390 1348 (ipsecro
415 1271 554 1348 eesstdr,
588 1287 666 1347 quor
689 1269 785 1347 istuc,
824 1272 866 1328 mi
885 1269 951 1346 uir,
984 1285 1021 1326 ex
1051 1265 1107 1325 ted
1235 1287 1239 1297 ·

630 1368 637 1386 ‘
667 1367 674 1382 ·
698 1366 718 1408 u

152 1466 224 1528 AM.
255 1466 313 1528 Vir
335 1485 392 1546 ego
403 1473 473 1527 tuus
495 1466 575 1526 sim?
605 1364 717 1525 didffidue
739 1461 880 1546 appella,
909 1462 1004 1543 filsa,
1025 1461 1108 1523 fulto
1236 1463 1237 1467 ’

603 1567 735 1626 ndmine.
1239 1572 1241 1599 ¹

153 1666 211 1728 SO.
245 1660 534 1745 Hsdrethuecres',
557 1668 584 1725 si
608 1662 733 1743 quidem
755 1665 832 1724 haec
849 1665 910 1725 ium
927 1662 1041 1725 muilier
1059 1665 1106 1724 fu·
1235 1741 1236 1748 ἵ

607 1771 686 1827 ctust
700 1766 829 1825 e'xuiro.

151 1865 214 1926 AL.
245 1863 326 1942 Quid
348 1883 406 1944 ego
428 1865 510 1943 ieci,
534 1869 593 1944 qud
608 1866 707 1924 istaec
724 1870 856 1944 propter
868 1861 951 1924 dicta
963 1861 1106 1924 dicuntur

604 1963 702 2023 mihi?
1051 1969 1104 2024 815

112 2065 114 2072 “
150 2063 222 2123 AM.
252 2062 336 2124 Tute
358 2062 476 2125 edictus
497 2063 579 2125 fictu
601 2070 668 2123 tua:
691 2082 729 2124 ex
740 2082 789 2124 me
802 2063 940 2142 quadris,
964 2059 1105 2141 quidde-

602 2159 754 2242 liqueris?

150 2261 213 2322 AL.
248 2259 331 2337 Quid
348 2278 406 2340 ego
423 2261 481 2322 tibi
494 2259 631 2342 deliqui,
653 2263 679 2322 si
702 2262 775 2342 quoi
795 2263 892 2341 miptu
913 2279 979 2320 sum
999 2260 1104 2319 tecum

602 2360 670 2420 fui?

148 2460 221 2521 AM.
254 2459 325 2519 uun
347 2477 466 2520 mecum
488 2459 609 2520 fueris?
638 2457 713 2538 quid
732 2455 804 2517 illac
826 2453 990 2542 inpudenti
1011 2453 1103 2514 audi-

603 2557 705 2620 ciust?

149 2650 282 2732 Saltem,
300 2654 402 2735 tuipte
414 2658 441 2714 st
451 2651 580 2735 pudoris
593 2654 700 2732 uigens,
719 2671 819 2713 sumus
830 2654 975 2714 mutuum.

147 2752 211 2813 AL.
240 2736 323 2814 istuc
342 2755 478 2833 facinus,
508 2737 591 2834 qudd
611 2759 646 2814 tu
660 2750 836 2832 insimulas,
862 2756 970 2815 mistro
993 2756 1102 2834 generi

601 2854 663 2913 ndu
675 2850 776 2912 deest.
1048 2862 1102 2915 820

148 2949 198 3010 Tui
210 2951 236 3011 si
248 2969 297 3010 me
308 2950 503 3032 inpudicitiai
514 2956 634 3033 ctptus,
653 2971 765 3034 capere
776 2955 839 3014 ndu
848 2960 947 3033 putes.

146 3049 220 3110 AM.
243 3051 283 3110 Di
294 3049 489 3111 inmortales:
501 3054 701 3132 cdgnoscisne
712 3054 747 3114 td
758 3072 807 3113 me
819 3049 938 3130 saltem,
949 3051 1058 3112 Sdsia‘i

147 3147 206 3208 SO.
237 3147 475 3229 Prdpemodum.
519 3151 592 3211 AM.
618 3151 776 3212 Oeniuiue
788 3169 845 3229 ego
862 3149 1100 3210 heriiuniuiiu

601 3254 694 3332 portu
705 3248 855 3308 Pdrsico‘i
1173 3291 1179 3295 -

27 3339 32 3350 '
146 3342 208 3404 AL.
231 3343 313 3408 MIhi
326 3363 450 3426 quoque
462 3345 574 3408 adsunt
591 3347 705 3423 tdstes,
726 3347 778 3424 qui
795 3342 864 3403 illut
881 3341 962 3422 qutd
983 3361 1039 3424 ego
1053 3337 1099 3404 di-

20 3443 31 3455 “
600 3442 859 3505 cumudsdntiunt.
