2482 3936
55 19 139 120 Π

362 288 407 340 tl)
425 289 506 340 11111).
524 286 747 342 aliscflsilvtu.
986 289 1036 342 XV

83 451 184 509 receptae
201 449 384 509 conspectum,
409 444 432 494 sl
447 458 529 510 pauca
544 445 666 496 addidero
684 445 716 496 de
734 447 772 496 eis
790 445 874 498 verbis
890 459 956 510 quas
974 459 1036 496 cou-

82 519 113 561 toa
125 527 196 562 usum
210 513 350 579 vulgarem
366 513 469 564 divisim
483 514 617 565 scribenda
635 514 709 566 duxi:
728 520 787 564 suut
797 515 959 581 potissimum
970 513 1035 565 haec

81 581 137 632 tuero
155 595 197 642 eo,
224 583 296 633 iutro
314 585 398 643 mitto,
422 583 488 633 tubo
505 590 603 646 epecto,
622 585 688 634 ntro
705 598 807 648 mopu,
825 585 852 634 iu
868 585 960 644 mem,
979 583 1035 634 daco

79 651 152 710 sodo,
171 650 325 702 adnodant
343 653 633 716 etquemcdstodmo,
651 653 796 718 quamdo,
814 652 1033 704 trummacum

79 718 208 779 similibus,
236 735 283 771 rea
310 721 428 784 puplica,
454 722 492 772 ios
517 721 650 770 iurandm
670 720 744 784 (hino
764 722 928 788 corrigendus
944 734 1034 772 versus

79 784 206 852 lluddfi),
231 790 258 840 ai
280 790 380 854 quidem
404 787 456 853 (ale
474 790 657 840 restituendum
674 789 726 840 Mil.
737 788 803 856 520)
822 791 963 856 siquando
981 791 1025 856 qui

78 855 136 915 dou,
162 857 212 906 iuro
231 858 329 908 ἀηάιιηι
346 866 371 907 et
388 873 459 923 poma
476 858 579 920 Man,
605 859 680 921 prius
696 874 782 924 quun,
808 859 921 920 abiem,
940 874 971 910 ne
987 860 1036 908 uti-

77 927 1035 1062 tramitiillidit1l⁰tlltl²tllt⁸‘ttlt¹tttllr

77 1065 164 1114 meat
186 1065 364 1130 compositum
386 1079 442 1115 asse
460 1080 493 1116 ex
510 1071 561 1116 taso
575 1065 671 1116 vicaria
689 1065 771 1116 dorma
788 1074 869 1116 tunsa
885 1066 1034 1132 particulas,

77 1133 139 1180 ouius
166 1146 227 1183 cum
253 1147 293 1184 nv
317 1134 477 1185 adfirmasses
503 1140 604 1200 praeter
631 1133 694 1184 illud
718 1137 887 1200 compositum
912 1135 982 1186 nulla
1007 1135 1034 1184 in

77 1196 189 1251 Plautinis
208 1203 286 1253 libris
298 1204 418 1269 exempla
428 1217 576 1269 superesse,
597 1217 678 1268 nuper
688 1203 745 1268 lpas
756 1216 792 1254 'ra
803 1203 937 1255 correxisti
949 1205 976 1254 in
988 1203 1034 1254 ad-

76 1270 196 1320 notatione
215 1273 251 1322 ad
270 1271 351 1322 Stich.
361 1269 397 1322 tt
412 1273 439 1322 in
452 1287 501 1336 quo
512 1287 590 1323 versu
601 1271 666 1322 liber
674 1273 858 1324 Ambrosianus
870 1273 940 1324 illam
950 1273 1035 1339 ipsam

78 1334 176 1387 lormam
200 1347 253 1390 tam
276 1356 325 1406 pro
351 1348 432 1391 tamen
454 1348 569 1392 testatur.
591 1355 659 1390 nuno
677 1355 736 1391 vero
755 1342 817 1405 quid
832 1342 935 1392 nudem
951 1343 1035 1392 obstat

78 1419 120 1467 quo
141 1409 229 1458 minus
250 1424 306 1460 non
326 1410 409 1459 solum
432 1415 512 1461 tamen
532 1410 671 1476 particulae
687 1408 754 1460 hauc
770 1411 911 1460 breviatam
927 1411 1034 1461 turmam

77 1476 256 1527 substituamus
274 1479 322 1529 ubi
339 1479 436 1528 numeri
450 1479 521 1529 illam
538 1479 739 1545 monosyllabum
755 1478 871 1546 flagitant
889 1478 972 1546 (quod
984 1479 1036 1530 leci

41 1599 42 1616 χ
78 1541 185 1596 1111530
208 1544 281 1598 1355
305 1544 438 1600 aare&
465 1542 534 1600 1347
563 1545 644 1608 1³50,
671 1548 767 1598 lacum
787 1548 879 1599 vellem
897 1547 968 1614 Gopt.
980 1543 1032 1600 197

78 1609 216 1680 1111585),
238 1617 288 1668 sed
307 1618 384 1666 etiam
402 1623 452 1666 mm
468 1619 517 1668 atsi
533 1617 572 1666 sio
589 1617 691 1668 divisim
709 1619 849 1668 scribamus
866 1617 911 1668 ubi
929 1617 1033 1684 disyda·

78 1679 130 1730 bum
157 1691 196 1733 est
224 1685 314 1749 (quod
339 1686 426 1737 itidem
454 1687 524 1739 Trin.
539 1681 591 1737 679
611 1685 673 1746 leci,
702 1686 806 1753 neglexi
823 1686 961 1753 dupinii
981 1681 1034 1739 97⁷

78 1747 142 1814 Gapt.
151 1749 203 1802 321
223 1754 280 1808 Mil.
291 1750 376 1819 7402
393 1755 438 1805 ubi
453 1763 537 1806 autem
551 1755 1035 1806 ommommumemutuareeuu.1

78 1814 139 1870 316
155 1811 204 1884 ὑφ’
219 1814 256 1872 ἓν
282 1824 442 1874 scribendum
467 1831 506 1875 sat
532 1831 561 1873 ut
587 1825 743 1889 putuuodrem
765 1826 856 1890 scripsi
877 1823 971 1890 Amph.
981 1822 1034 1874 ibi

79 1885 197 1949 hillidii,
225 1893 429 1957 quenadmodum
456 1893 566 1944 lemane
592 1908 650 1942 curu
675 1893 746 1944 libris
774 1895 885 1944 scribere
909 1893 1033 1944 debebam

79 1953 139 2006 irin.
149 1955 200 2010 136
218 1976 269 2026 pro
288 1977 414 2028 promam
431 1963 468 2012 ad
482 1961 578 2012 medua
596 1962 666 2025 quod
683 1962 715 2012 de
730 1963 874 2013 coniectura
885 1962 952 2012 dedi.
973 1975 1034 2012 cun·

45 2045 51 2064 s
82 2037 113 2072 ua
129 2033 203 2091 atque
221 2032 250 2080 in
268 2029 319 2080 illis
336 2029 431 2082 lactum
449 2039 489 2081 est
504 2021 555 2095 ὑφ’
569 2021 602 2080 ἓν
620 2031 711 2096 scripsi
728 2035 841 2097 amputa
857 2034 946 2097 nepta}
955 2031 1035 2096 siquis

81 2089 216 2158 (peccatum
239 2107 281 2150 est
305 2099 355 2150 hoc
378 2101 415 2150 in.
428 2115 523 2167 genere
540 2096 672 2164 1111190)
691 2115 749 2151 uum
766 2101 892 2150 similibus
910 2107 935 2150 et
952 2115 1034 2151 masu-

82 2177 176 2285 wile
195 2253 360 2290 numerorum
378 2239 508 2290 notatione
527 2238 627 2302 qualem
647 2251 702 2290 nvo
722 2237 840 2302 exemplo
857 2237 954 2287 institui
972 2249 1033 2288 rvra

81 2307 152 2372 ipsius
168 2317 255 2367 verbis
274 2322 348 2367 utens
365 2317 414 2368 hoo
431 2316 499 2367 addo
508 2307 645 2382 ‘singulari
657 2323 718 2366 nota
730 2315 799 2365 velut
811 2314 837 2364 iu
851 2306 905 2366 tuo
920 2303 1033 2367 mr'sltim
1088 2303 1092 2313 ’

84 2387 210 2453 amittent
235 2395 354 2444 binarum
381 2394 538 2462 syllabamm
563 2393 796 2459 pronuntiationem
822 2390 1032 2456 monosyllabum,

84 2455 129 2506 sive
146 2475 176 2510 ea
192 2461 220 2512 llt
238 2464 345 2514 duarum
361 2463 489 2515 vocalium
507 2475 565 2513 sese
584 2462 765 2527 excipientium
774 2461 884 2528 pnlsesi
894 2461 1033 2510 sisennius

85 2528 167 2579 vocalis
185 2523 319 2598 ecthlipsi’.

45 2559 48 2698 y
143 2597 229 2652 liestat
246 2609 276 2651 ut
294 2603 394 2654 duobus
412 2602 553 2669 perfungar
571 2601 718 2652 muneribus
736 2615 844 2664 quonam
863 2600 969 2650 alterurn
990 2615 1033 2650 ae·

46 2701 47 2707 =
86 2663 157 2723 ruitae
174 2671 270 2738 exigit,
289 2672 395 2722 alterum
413 2687 472 2722 mea
489 2677 580 2737 sponte
598 2670 661 2721 mihi
677 2671 790 2720 iniunxit
809 2670 919 2734 primum
936 2678 964 2718 ut
974 2683 1034 2732 pro-

47 2753 48 2811 p
85 2729 146 2783 itear
158 2751 222 2800 quas
237 2740 426 2793 emendationes
440 2743 467 2792 in
481 2755 604 2790 versuum
618 2739 711 2790 seriem
726 2754 742 2787 a
755 2753 796 2788 me
811 2746 925 2804 receptas
941 2738 1033 2801 quibua

87 2800 138 2851 viiia
155 2805 234 2858 doctis
253 2811 372 2875 privatim
388 2815 506 2876 acceptas
524 2809 634 2860 referam
653 2808 726 2872 (nam
745 2821 809 2870 quaa
823 2809 923 2872 publius
934 2807 966 2857 ab
976 2806 1034 2855 aliis

48 2909 50 2924 t
86 2870 186 2931 politas
211 2878 297 2944 recepi
324 2894 375 2930 non
399 2888 439 2930 est
461 2879 503 2929 hio
528 2880 600 2929 locus
617 2885 646 2926 ut
665 2879 870 2936 enumerentur),
895 2875 986 2926 deinde
1005 2883 1035 2924 ut

88 2950 142 2998 litt
166 2948 232 2996 ouria
259 2949 376 3000 secundis
403 2948 572 2999 intellexerim
598 2947 626 2996 in
645 2947 754 3011 singulis
772 2945 865 2994 sabulis
884 2945 1034 3010 cunigunda

89 3017 135 3057 ⁸⁸⁸0
153 3027 228 3075 quam
243 3015 393 3068 breuissime
409 3018 537 3084 potuerim
552 3030 701 3082 persequar.
731 3028 878 3080 acceperam
897 3023 982 3063 autem
1001 3016 1033 3063 ab

88 3071 144 3128 Bit.
161 3081 275 3136 iusum
293 3087 399 3152 conlega
416 3102 474 3136 meo
493 3085 640 3135 doctissimo
657 3099 701 3134 eas
716 3085 874 3134 coniecturas
884 3097 948 3146 quas
958 3084 1031 3133 Fam.

51 3213 52 3216 Ἴ
88 3140 281 3204 venaliumve
293 3157 402 3222 margini
418 3155 530 3220 exempli
543 3155 584 3204 sui
598 3154 716 3204 editionis
727 3152 922 3203 Gronovssrsss
931 3154 957 3202 iu
968 3151 1033 3217 Gap-

89 3210 136 3263 llv'tt
152 3218 227 3272 Milite
240 3223 351 3288 glorioso
365 3225 510 3274 Trinummo
520 3225 687 3288 ascripserat,
708 3223 740 3273 ab
751 3236 779 3271 se
788 3235 854 3270 auno
864 3233 1033 3271 succursum

89 3279 138 3332 lum
155 3287 260 3342 berolini
280 3294 306 3342 iu
323 3294 409 3344 studia
420 3294 585 3344 humanitatis
597 3292 719 3341 incumbit
732 3305 765 3340 ex
776 3290 893 3355 exemplo
906 3291 948 3339 illc
962 3291 1033 3350 quod

90 3353 138 3406 ‘⁰1¹⁰
152 3356 222 3414 lum.
242 3361 311 3412 Ave.
331 3365 463 3413 Wosrrvs
482 3361 631 3428 possidebat
648 3359 843 3426 diligentissime
857 3357 1029 3421 transcriptos.

91 3414 214 3486 dequibus
233 3432 383 3481 coniecturis
402 3431 541 3484 Rmsmms
559 3429 628 3479 nesti
644 3444 711 3490 quae
729 3427 796 3480 Gon.
814 3427 986 3496 llaansrsrws
1005 3427 1032 3475 in

90 3491 227 3546 moratione
244 3499 383 3550 ‘l'riuummi
399 3515 426 3566 p.
437 3513 485 3552 vrrs
503 3515 542 3562 sq.
561 3499 686 3558 namatii,
710 3495 828 3545 nuum
847 3509 891 3544 eas
906 3487 978 3543 ‘dum
996 3493 1032 3542 le·

91 3567 146 3616 seret
161 3563 273 3617 Plautum
292 3571 441 3636 ascripsisse
460 3567 641 3631 utaliquando
660 3570 821 3622 retractaret,
842 3576 921 3625 quare
930 3577 974 3625 qm
985 3574 1032 3610 eas

123 3627 255 3696 Pnavrvs
277 3637 298 3697 l.
805 3629 823 3680 b
