2560 3936
127 407 162 463 V.
188 404 241 460 256
259 403 355 461 51257
373 406 492 458 trochaici
510 405 646 473 septenarii

144 519 157 531 ·
189 487 243 543 258
260 491 294 541 ad
311 488 364 545 252
380 489 509 543 bacchiaci
525 489 663 541 tetrametri
680 487 811 544 caturci

145 603 156 614 -
191 569 243 626 268
260 573 411 626 bacchiacns
432 573 539 625 dimeter
556 570 708 624 acatalectas

144 685 156 697 -
190 655 244 710 264
261 660 367 710 metiens
383 665 530 710 tetrameter
546 655 699 707 acataieotus

143 767 156 780 ·
190 737 243 793 265
259 742 383 794 iambicus
405 742 511 793 dimeter
529 738 690 791 551515511555

144 850 157 862 ·
191 821 245 878 266
261 825 295 876 ad
312 821 365 880 272
382 824 467 876 cretici
483 823 623 874 tetrametri
640 822 772 876 acatalecti

141 934 154 948 ·
188 903 242 961 278
258 909 366 960 creticus
383 912 528 959 tetrameter
545 905 708 958 catalecticus

144 1018 156 1030 -
191 987 245 1043 274
260 993 294 1043 ad
310 988 363 1045 277
380 990 464 1042 cretici
481 990 619 1042 tetrameter
637 989 765 1044 acataiecii

143 1103 155 1116 ·
190 1073 243 1129 278
259 1077 294 1129 ad
310 1074 362 1131 286
379 1077 508 1129 bacchiaci
523 1078 662 1129 tetrametri
680 1078 813 1130 acatalecti

143 1189 155 1200 ι
190 1157 243 1214 287
259 1160 410 1213 baccbiaous
429 1161 536 1213 dimeter
552 1161 704 1213 acataleotus

142 1272 154 1284 ·
189 1240 242 1296 288
259 1243 409 1296 barthimeus
425 1251 571 1295 tetrameter
586 1244 737 1297 acatniectus

143 1355 153 1368 ·
188 1323 241 1381 289
259 1325 404 1378 trochaicus
421 1327 529 1378 dimeter
546 1327 701 1379 amtalectus

141 1439 153 1452 ·
188 1408 241 1463 290
259 1410 293 1462 ad
309 1408 362 1464 418
378 1411 481 1462 iambici
496 1412 633 1478 septenarii

141 1523 153 1535 -
188 1491 241 1547 414
255 1494 289 1545 ad
306 1491 360 1547 449
375 1493 496 1546 trochaici
513 1494 650 1562 septenarii

140 1606 152 1619 ·
186 1575 240 1632 450
258 1580 292 1631 ad
309 1576 361 1631 558
377 1580 480 1630 iambici
497 1580 590 1631 senarii

140 1694 152 1705 -
185 1661 238 1718 559
255 1665 289 1715 ad
308 1662 361 1718 592
376 1664 498 1717 trochaici
513 1666 650 1732 septenarii

140 1775 153 1787 ·
187 1745 586 1802 59855614151561515555511

140 1859 152 1873 -
186 1828 239 1884 515
256 1830 290 1882 ad
307 1828 359 1885 668
374 1832 495 1883 trochaici
513 1832 649 1899 septenarii

139 1941 153 1953 -
187 1910 240 1966 664
257 1915 291 1965 ad
309 1911 361 1969 666
378 1916 463 1967 cretici
478 1917 619 1967 tetrametri
636 1915 767 1967 acatalecti

139 2023 152 2035 ·
187 1993 239 2050 667
256 2006 281 2050 51
298 1995 351 2052 668
366 1998 495 2050 bacchiaci
512 1999 651 2050 tetrametri
668 1998 798 2050 acatalecti

139 2108 151 2119 -
188 2076 240 2132 669
258 2080 295 2154 ati
308 2078 360 2136 678
377 2081 463 2132 cretici
479 2081 618 2132 tetrametri
636 2081 765 2132 acatalecti

139 2192 151 2203 ·
187 2159 240 2217 674
257 2161 349 2220 51675
366 2165 496 2218 bacchiaci
512 2167 652 2218 tetrametri
669 2165 799 2217 acataiecti

137 2279 150 2292 ·
185 2248 237 2305 676
255 2253 380 2305 iambicus
397 2252 556 2320 septenarius

138 2366 150 2377 -
186 2333 238 2390 677
254 2338 398 2390 trochaicus
416 2339 576 2406 septenarius

136 2448 148 2460 ·
166 2428 171 2458 ¹
185 2417 238 2474 678
255 2423 290 2474 ad
305 2419 358 2476 680
375 2423 461 2475 cretici
478 2422 616 2474 tetrametri
634 2420 765 2473 acatalecti

136 2535 148 2546 ·
184 2502 236 2559 681
254 2508 289 2559 cd
306 2502 357 2561 705
375 2509 478 2560 iambici
495 2508 634 2575 septenarii

136 2618 148 2630 ·
184 2586 236 2645 706
253 2591 288 2642 ad
305 2586 356 2645 779
373 2591 495 2643 trochaici
511 2590 649 2658 septenarii

135 2704 147 2716 ·
182 2671 235 2730 780
251 2677 285 2727 ad
303 2673 355 2728 905
373 2676 475 2727 iambici
490 2676 585 2727 5555511

133 2790 145 2801 -
180 2757 233 2814 906
252 2761 285 2811 ad
302 2757 355 2813 918
372 2760 501 2813 bacchiaci
518 2759 656 2812 tetrametri
672 2756 800 2810 5551515511

134 2873 146 2885 -
182 2841 235 2897 919
250 2844 374 2895 iambicus
392 2845 499 2896 dimeter
516 2845 668 2896 acatalectue

133 2957 145 2968 ·
181 2925 234 2980 920
253 2929 286 2979 ad
302 2925 356 2981 987
372 2929 493 2980 trochaici
510 2929 632 2978 551555511

133 3042 144 3052 -
180 3009 234 3066 988
251 3013 285 3064 ad
304 3010 358 3066 944
376 3013 477 3065 iambici
495 3013 617 3064 octonarii

132 3125 145 3137 ·
181 3093 233 3150 945
250 3097 285 3149 ad
302 3093 356 3150 948
371 3096 475 3149 iambici
496 3097 634 3162 septenarii
738 3103 742 3122 ⁴

132 3212 145 3223 -
180 3179 233 3236 949
249 3183 284 3233 ad
300 3178 352 3234 951
371 3181 455 3233 cretici
472 3182 611 3234 tetrametri
629 3179 759 3232 acataieoti

133 3296 144 3307 -
180 3264 233 3320 952
251 3272 276 3316 51
293 3262 347 3318 954
363 3264 484 3316 1555115151
501 3266 651 3317 monometri
667 3259 860 3332 hypercataiect·

132 3380 143 3391 ·
180 3347 233 3403 958
251 3345 345 3401 51955
363 3347 450 3400 cretici
465 3349 572 3400 trimetri
591 3347 728 3400 catalectici

132 3462 144 3474 ·
181 3431 233 3488 956
250 3432 284 3484 ad
299 3430 353 3487 962
369 3432 491 3484 trochaici
509 3433 633 3485 octonarii
