2482 3936
20 2252 34 2528 l

20 2905 25 3178 l

20 3231 54 3497 l

20 3509 65 3916 l

110 717 272 813 hermu
289 758 499 808 insomnem
515 755 662 808 Fummrco
677 755 842 810 mamutio
860 761 888 812 8.
925 757 999 822 onoc
1019 775 1073 816 τιιι

25 275 32 632 l

22 845 127 1422 y,

129 831 291 889 othelmum,
309 827 350 877 vir
367 839 465 876 summe
481 826 600 890 idemque
617 826 702 878 animo
715 841 772 878 meo
786 828 931 892 uerissime,
949 827 1016 882 hunc
1030 847 1073 882 co·

110 899 274 950 moediarum
290 895 463 946 Plautinsmm
477 895 674 963 recognitionem
693 895 748 948 slve
765 910 797 948 ex
812 903 885 962 perte
897 899 1072 950 recensionem

111 969 199 1018 dicere
216 966 301 1017 meris
316 965 435 1031 inscripsi
452 964 577 1014 neminem
593 970 656 1029 pato
674 963 729 1016 lore
747 967 791 1028 qui
809 968 927 1029 miretur,
952 970 1073 1031 quoniam

111 1038 157 1088 liu
174 1037 241 1087 inter
260 1034 372 1085 eruditos
391 1040 487 1084 constet
504 1045 539 1084 us
558 1047 635 1099 opera
650 1045 704 1084 urs
721 1034 773 1084 ism
788 1049 837 1100 per
851 1035 910 1102 pius
927 1037 975 1086 trie
992 1037 1072 1088 lusus

108 1105 202 1156 Plauto
230 1101 389 1155 emendando
414 1109 488 1167 etque
513 1101 669 1153 inlmtrcndo
692 1102 809 1168 inpense
831 1103 899 1154 hunc
916 1114 1018 1171 postam
1035 1107 1072 1156 its

109 1175 187 1238 qnasi
205 1185 283 1224 rm
300 1183 355 1224 usn
370 1171 513 1223 vindicasse
528 1178 558 1221 ut
575 1171 699 1235 quidquid
717 1173 851 1224 creaioris
863 1174 967 1238 quidem
980 1175 1071 1226 doctri·

107 1257 159 1294 nce
175 1243 317 1293 rationibus
333 1241 474 1306 proiectum
488 1241 522 1291 sd
533 1241 698 1292 imtemmcs
707 1248 800 1306 poetae
811 1243 889 1294 verbs
900 1244 1071 1310 excogitatam

108 1315 143 1364 sit
167 1312 203 1362 ad
225 1324 262 1362 'rs
282 1309 444 1378 potissimum
461 1316 589 1362 auctorem
605 1309 766 1362 relerendum
783 1311 837 1362 iure
855 1311 980 1364 videatur.
1007 1313 1071 1362 illud

108 1387 200 1432 conus
224 1395 282 1431 cum
304 1379 456 1445 quibusdem
478 1379 535 1430 ullis
552 1387 606 1430 tum
623 1391 678 1430 um
695 1379 786 1429 mirum
801 1381 884 1430 videri
900 1382 983 1445 possit
1001 1382 1070 1444 qnod

107 1465 175 1516 ego,
194 1449 257 1500 dum
274 1461 311 1499 nv
324 1449 441 1500 Plautum
457 1460 535 1499 um
552 1448 652 1515 pridem
670 1447 817 1499 enixissime
832 1447 965 1500 hominnm
982 1449 1070 1500 docto·

106 1533 166 1569 rom
190 1519 258 1569 votis
280 1517 449 1585 ecssegitetom
474 1531 556 1586 nuper
577 1519 604 1567 in
621 1517 703 1568 lucem
722 1516 798 1568 edere
813 1518 920 1584 coepisti
938 1524 963 1570 et
979 1517 1006 1568 in
1024 1518 1069 1569 sb-

106 1587 235 1638 solveudo
259 1588 309 1639 isto
332 1588 429 1653 ingenii
454 1601 501 1640 ‘rvr
526 1602 558 1637 sc
582 1586 692 1637 nominis
719 1587 873 1653 sempiterno
906 1595 1065 1639 monuments

106 1657 210 1707 naviter
224 1655 353 1717 elaboras,
372 1656 486 1706 eiusdem
502 1662 595 1722 poetae
608 1654 710 1706 lsbulss
723 1657 757 1707 sd
769 1657 830 1708 artis
843 1671 958 1708 uormsm
972 1672 1064 1708 eorrec-

106 1733 149 1774 tss
173 1725 202 1774 in
223 1724 354 1791 publicum
378 1727 490 1776 emittere
512 1725 618 1774 institui.
649 1725 736 1789 iisqne
762 1739 794 1776 ue
810 1726 959 1778 temeritatis
977 1740 1069 1792 spru·

108 1794 229 1844 dentibus
245 1795 286 1845 vel
302 1793 451 1846 inhonestate
466 1794 529 1844 lucri
547 1793 693 1860 cupiditatis
712 1793 875 1846 malevolis
888 1809 992 1861 arguar,
1010 1809 1068 1845 ner·

106 1861 218 1913 madum
234 1862 298 1914 mihi
313 1877 371 1914 esse
387 1862 505 1930 intellego
524 1863 568 1926 qni
584 1862 680 1913 lectum
697 1863 730 1914 sit
747 1871 776 1914 ut
792 1862 859 1914 hauc
870 1879 919 1930 ego
932 1864 1069 1914 editionem

108 1945 179 1981 nuuc
199 1945 289 1998 perere
307 1933 420 1984 animum
437 1933 593 1984 inducerem.
616 1931 706 1983 detrslit
723 1934 791 1983 enim
808 1932 925 1984 librerias
940 1932 1068 1984 honestis·

108 2000 191 2050 simus
207 2001 272 2052 ultro
290 1999 354 2052 mihi
370 2013 463 2052 munus
480 2001 679 2069 recognoscendi
693 2000 822 2053 Plautinos
839 2002 984 2054 comoedias
1003 2016 1068 2064 ques

107 2069 134 2118 in
150 2067 304 2122 bibliothece
326 2085 374 2121 sua
390 2072 541 2138 scriptorum
557 2068 708 2120 Graecorum
725 2077 749 2122 et
764 2070 912 2122 Latinorum
929 2071 1069 2122 desiderari

108 2137 182 2188 nefas
206 2147 285 2190 esset:
311 2140 405 2192 dubius
423 2140 504 2206 primo
520 2139 657 2191 haerebam
674 2155 722 2190 neo
740 2140 911 2192 dubitationes
928 2153 999 2192 meas
1016 2140 1068 2190 ‹lis-

108 2206 274 2257 simulsbemt
303 2209 351 2260 sed
368 2224 426 2260 oum
444 2210 549 2260 edoctus
565 2222 648 2259 essem
665 2209 713 2260 viri
729 2207 903 2258 honestissimi
919 2208 1020 2258 firmum
1037 2222 1068 2258 sc

109 2275 199 2325 stabile
216 2277 350 2327 eonsilium
367 2291 425 2328 esse
439 2284 468 2328 ut
483 2277 532 2328 lme
550 2277 698 2328 comoediae
714 2277 741 2325 in
757 2277 801 2326 illa
817 2291 894 2340 quem
912 2277 965 2326 dixi
976 2275 1067 2326 biblio·

107 2342 181 2394 thece
202 2344 274 2396 foros
297 2347 468 2398 emitterentur
491 2354 626 2411 antequem
644 2358 699 2398 urs
715 2345 832 2396 recensio
854 2345 889 2396 od
904 2344 981 2400 onem
999 2350 1067 2396 esset

108 2413 245 2477 perducta,
270 2428 320 2477 quo
344 2417 371 2466 iu
387 2416 492 2482 negotio
508 2416 559 2466 uisi
576 2431 624 2482 ego
640 2429 745 2481 operam
759 2413 892 2480 pollicerer
908 2413 980 2464 elteri
996 2413 1066 2464 cuili-

107 2481 150 2532 bet
166 2481 265 2533 homini
283 2484 358 2534 docto
376 2485 483 2536 eandem
501 2485 671 2536 conditionem
688 2484 801 2535 oblatum
816 2484 860 2545 iri,
879 2491 933 2534 tum
950 2484 1067 2535 omnibus

107 2551 211 2600 remotis
237 2552 364 2619 scmpulis
390 2561 415 2604 et
442 2553 505 2603 mihi
532 2559 557 2603 et
577 2553 637 2604 huic
657 2560 749 2618 poetae
768 2553 860 2604 lebete
877 2553 948 2603 visus
964 2566 1021 2602 sum
1038 2561 1067 2602 nt

106 2619 264 2682 provinciam
281 2620 352 2672 illam
369 2637 402 2672 ne
418 2635 574 2672 recusarem:
592 2637 639 2688 pro
658 2636 706 2672 ens
722 2623 790 2673 euim
807 2622 899 2685 cuique
915 2629 987 2687 parte
1001 2623 1066 2672 nori-

107 2694 146 2736 ter
164 2689 310 2740 enitendum
327 2703 385 2740 esse
402 2691 541 2742 arbitrabor
557 2699 586 2741 at
596 2690 713 2757 exemplo
727 2691 817 2741 herum
829 2689 973 2742 fabularum
985 2705 1066 2753 esque

107 2769 186 2822 parvo
203 2759 330 2824 parabilis
344 2760 371 2808 in
389 2774 548 2811 communem
560 2775 636 2810 nsum
645 2761 760 2812 venirent
772 2761 886 2824 quesite
898 2766 982 2810 esseut
995 2773 1063 2810 com-

106 2832 196 2888 parata
211 2834 240 2876 nt
256 2827 373 2879 homines
390 2829 518 2880 literarum
531 2830 678 2880 Latinarum
689 2837 803 2880 amantes
815 2829 918 2880 taudem
930 2829 1065 2892 aliquando

107 2891 273 2946 falsissimum
290 2897 360 2948 illam
377 2898 425 2949 sed
441 2899 607 2965 plurimomm
623 2900 700 2949 etiam
717 2898 844 2949 urentibus
862 2899 965 2948 insitam
983 2898 1016 2948 de
1027 2898 1065 2947 in-

106 2960 185 3012 finitis
202 2964 310 3016 licentiis
328 2967 439 3021 metricis
455 2982 485 3017 so
499 2967 657 3034 pmsodiecis
675 2968 767 3030 quibus
784 2966 883 3018 numeri
900 2966 1007 3018 Plautini
1025 2981 1065 3016 re·

106 3030 169 3096 pleti
187 3039 273 3084 essent
290 3035 436 3100 opinionem
451 3038 550 3088 obicere
567 3045 592 3086 et
604 3050 731 3086 summum
744 3051 831 3088 corum
844 3035 995 3102 elegantium
1007 3051 1065 3101 per-

106 3101 205 3166 spicere
221 3109 297 3166 sique
314 3105 435 3156 admirari
450 3113 563 3171 possent
582 3107 646 3155 ratio
666 3112 750 3156 nutem
767 3120 819 3169 quc
831 3119 935 3156 munere
947 3111 1065 3169 suscepto

106 3168 132 3217 iu
146 3167 198 3220 hoc
216 3172 317 3234 quidem
332 3174 415 3240 primo
432 3182 502 3226 tomo
520 3173 611 3240 (quem
625 3182 654 3224 ut
677 3175 804 3225 secundus
830 3187 970 3239 pancorum
995 3186 1066 3222 men-

107 3237 174 3288 sium
196 3239 328 3293 intervallo
350 3244 461 3311 excipiat
479 3242 585 3308 curabo)
601 3243 721 3310 permngi
746 3243 834 3292 studui
857 3242 1001 3294 necessario
1026 3241 1064 3290 di·

107 3320 182 3357 verse
204 3307 253 3360 tuit
275 3311 302 3361 ia
326 3311 364 3363 eis
381 3312 476 3364 subulis
495 3327 603 3377 quarum
621 3324 689 3362 ἰω
707 3312 734 3361 in
749 3311 868 3362 menibus
882 3310 1009 3363 habebam
1026 3323 1066 3359 re·

108 3376 252 3442 tensiones,
270 3395 337 3444 qnae
353 3389 412 3432 sunt
428 3381 501 3438 Miles
517 3382 644 3450 gloriosus
661 3387 686 3430 et
701 3380 877 3441 Trinummus,
896 3387 972 3442 etque
989 3379 1066 3429 ineis

107 3447 242 3509 inquibus
260 3463 318 3500 meo
334 3451 447 3516 periculo
465 3465 507 3504 res
525 3459 579 3501 eret
595 3449 719 3516 gerenda,
737 3463 803 3513 quse
814 3456 874 3499 smt
883 3455 935 3498 tres
945 3447 1064 3504 relicuas.

108 3518 184 3576 ‘ique
207 3516 233 3566 iu
255 3517 306 3568 illie
331 3520 433 3582 quidem
458 3535 499 3571 me
516 3525 620 3583 ,tentum
637 3532 688 3568 nou
706 3518 732 3567 in
751 3517 868 3621 omnibns
885 3517 962 3566 rebus
981 3527 1046 3566 su*

819 3599 835 3633 s
