2482 3936
374 251 420 306 AD
436 251 517 304 runt.
535 250 760 305 mmcfluuvlt.
977 253 1050 307 XXV

118 403 273 490 {Herclel
295 413 333 470 ut
345 425 387 470 ue
404 404 752 553 qnoqudmndgrlingeulo
767 404 968 488 degrediatur
981 409 1048 470 uri·

571 509 589 552 e

118 558 304 659 Earumque
336 582 436 638 artem
464 583 497 637 et
531 572 728 656 disciplinam
760 578 900 720 extimeat
932 573 1046 638 colere.

543 659 605 722 Pu.
637 659 775 736 Querni
817 657 962 722 madunt

30 729 31 796 l
76 761 160 796 uuurn
187 753 227 796 est
246 745 316 808 quod
335 744 362 796 iu
379 743 420 796 his
437 745 553 796 versibus
571 744 626 796 iure
645 742 772 796 offendere
790 745 887 810 possit,
916 743 971 794 dieo
990 757 1047 798 eam

76 815 204 882 spntnxin
222 829 255 864 ex
273 828 325 878 qun
346 827 432 865 ennon
449 813 545 866 dietum
562 819 601 864 est
619 812 693 876 quasi
711 827 761 864 non
778 812 892 864 omliedrs'
902 812 949 863 sed
963 813 1047 863 mulie·

76 901 134 935 nen
159 882 344 950 praecesserit,
371 882 441 948 quod
466 883 547 949 siquis
570 895 690 934 revocare
707 882 791 944 volet,
818 888 847 932 ut
866 883 1047 934 meseum

75 954 157 1014 iecit,
190 967 243 1004 nou
266 952 392 1004 obstinate
415 951 585 1011 adversabor,
612 965 767 1014 quemquam
789 953 961 1002 necessarium
989 964 1046 1001 ease

30 1041 31 1074 ;
74 1022 143 1072 milri
162 1021 281 1072 nondum
299 1021 450 1086 persuadeo.
474 1049 508 1059 —
532 1019 566 1072 V.
577 1017 629 1071 155
648 1034 686 1084 aq.
707 1032 743 1068 rv
761 1035 829 1070 nuno
845 1021 881 1072 ita
899 1019 975 1072 soribl
993 1034 1046 1070 ma-

76 1093 116 1141 vis
136 1095 263 1142 -intro
282 1089 325 1140 abl
342 1104 418 1156 erpo:
436 1091 462 1140 tt
477 1091 525 1142 siat
539 1090 583 1141 isti
588 1125 596 1150 ,
615 1089 739 1138 mdlierem
765 1085 779 1156 ΙΙ
807 1087 871 1140 Iste
887 1090 935 1140 olto
953 1089 1046 1139 doordm

74 1161 197 1212 vendre
220 1174 253 1210 ae
274 1158 336 1210 dine
360 1161 385 1210 ei
404 1157 468 1212 llaec
491 1164 602 1210 nmnetra
619 1165 645 1208 et
660 1157 782 1221 praecipe
799 1164 824 1208 et
842 1159 865 1208 si
882 1165 950 1209 reete
968 1159 1047 1208 verbu

75 1243 132 1279 τυ
151 1227 270 1279 intellexi
289 1242 320 1278 ea
336 1229 498 1294 potissimum
516 1228 548 1278 de
566 1239 645 1278 eausa
661 1233 690 1276 nt
704 1225 1046 1278 evitetureitovoeulaecor·

74 1299 172 1365 reptio.
205 1304 231 1347 at
253 1297 280 1347 in
302 1295 352 1347 hao
368 1311 396 1348 rs
412 1297 488 1348 nimis
506 1295 570 1347 milri
588 1295 669 1346 inisse
686 1295 782 1347 videris
799 1309 919 1356 serenrs,
943 1296 1045 1358 dequo

74 1368 140 1418 alibi
165 1367 205 1416 ita
226 1365 362 1430 disputabo
380 1373 409 1416 ut
424 1373 506 1417 totum
523 1365 573 1416 hou
590 1377 672 1431 genus
690 1363 855 1429 complectar,
879 1377 927 1415 neo
943 1370 1046 1430 propter

73 1439 156 1487 istem
185 1435 372 1500 correptionem
398 1435 430 1486 ab
457 1449 489 1486 ea
514 1435 612 1486 ratione
637 1449 688 1497 qua
713 1432 741 1482 hi
758 1445 847 1484 versus
865 1432 892 1483 ln
910 1431 982 1482 libris
1001 1432 1046 1483 de-

74 1505 170 1571 scripti
190 1511 251 1554 sunt
266 1503 385 1555 reoedere
401 1506 493 1555 susim.
514 1510 554 1555 est
570 1510 656 1554 eutem
675 1501 725 1553 alia
743 1515 820 1552 causa
837 1516 882 1552 our
894 1500 942 1552 hos
957 1515 1045 1552 versus

30 1641 31 1648 ἵ
73 1575 119 1625 hic
137 1573 316 1625 retractandos
334 1573 463 1624 duxerim:
481 1588 532 1624 uon
551 1573 619 1624 enim
636 1571 688 1622 iam
704 1572 784 1637 probo
804 1585 861 1622 eam
877 1577 1045 1622 correcturum

76 1659 158 1708 quam
183 1650 269 1694 motus
287 1642 396 1709 gemello
414 1650 443 1694 ut
460 1642 524 1694 milri
540 1643 675 1694 videbatur
691 1655 769 1692 versu
787 1638 859 1707 capt.
871 1637 923 1692 ³59
941 1654 1045 1706 recepe·

76 1727 135 1763 ram
155 1713 214 1764 dice
235 1718 347 1763 monam
365 1713 434 1776 quod
452 1726 503 1764 nou
521 1711 605 1762 solum
622 1709 666 1761 illo
684 1725 761 1762 versu
777 1715 806 1760 ut
824 1710 876 1760 iam
894 1723 972 1774 supra
990 1709 1045 1759 dixi

76 1783 128 1832 aad
152 1780 230 1832 etiam
254 1781 305 1832 hoo
325 1781 481 1832 reiciendum
504 1787 552 1832 est.
577 1794 667 1830 verum
689 1794 722 1829 ne
745 1791 816 1829 rm
834 1778 937 1843 quidem
953 1777 1046 1828 horum

77 1852 220 1904 verborum
237 1850 427 1902 emendationes
444 1851 553 1918 probare
564 1863 686 1915 possum,
703 1863 750 1898 uec
765 1848 875 1914 priorem
884 1855 959 1914 atqroe
968 1845 1046 1898 llaeee

78 1918 142 1970 dene
162 1921 189 1971 ei
203 1927 314 1972 mnatre
331 1927 357 1972 et
371 1921 492 1984 praecipe
509 1935 557 1969 uec
574 1926 696 1984 nuperum
709 1932 786 1981 quam
800 1931 879 1982 supra
887 1915 1045 1981 transcripsi,

29 1999 30 2052 l
79 1997 104 2040 et
121 1988 174 2039 hac
191 1989 296 2053 quidem
315 1990 348 2040 de
367 2004 444 2042 neusa
461 1990 523 2054 quie
538 1989 600 2040 dene
612 1992 752 2038 numerare
767 1987 793 2036 in
803 1986 918 2037 Plautino
929 2000 1045 2035 sermone

29 2065 30 2124 l
78 2052 157 2124 lou&
184 2057 261 2108 aliam
284 2058 338 2109 vim
362 2057 439 2110 habet
456 2065 532 2124 etque
551 2072 616 2122 quse
633 2055 675 2106 hio
694 2055 865 2116 desideretur,
890 2054 950 2105 ride
969 2054 1044 2104 modo

29 2125 30 2128 ’
79 2125 173 2176 Bacch.
186 2123 238 2177 13³
263 2124 358 2176 Gurol
375 2124 392 2177 8
410 2123 444 2178 13
466 2133 491 2177 et
514 2133 583 2177 reete
606 2131 747 2175 momtrare
772 2123 850 2174 Stich.
862 2119 913 2176 146
931 2121 1046 2172 Pseud.1

78 2187 150 2246 355
171 2193 245 2246 Ouro.
259 2195 283 2245 11
299 2191 317 2246 3
334 2191 378 2248 11).
404 2195 523 2260 equidem
548 2194 592 2244 hio
612 2193 681 2244 idem
710 2193 827 2243 desidero
845 2193 952 2242 verbum
976 2190 1046 2254 quod

80 2263 123 2315 illo
143 2262 308 2330 Captivorum
325 2277 401 2315 versu
419 2279 452 2314 ex
470 2265 540 2314 libris
557 2262 657 2314 restitui
673 2263 737 2312 iussi
755 2262 926 2312 demmtrare
945 2265 1045 2310 etcum

86 2333 268 2392 imbroslauua
289 2331 383 2384 hebeat
402 2343 706 2392 munumentum,
729 2330 818 2381 relicui
834 2329 892 2380 libri
912 2328 965 2379 iere
982 2328 1046 2379 daec

29 2423 30 2440 ι
82 2404 249 2462 είιιοιιιινα,
273 2400 339 2451 hauc
356 2403 493 2467 genuinam
518 2401 595 2451 huius
611 2415 702 2452 versus
721 2400 829 2451 ienuam
847 2398 929 2450 luisse
947 2399 1044 2448 conicio

29 2473 30 2514 l
124 2471 197 2533 (lito
216 2468 340 2531 domum
355 2473 506 2532 trmsirm
527 2477 621 2552 atque
631 2471 710 2530 haec
721 2471 752 2530 ei
762 2471 844 2530 bene
854 2467 1043 2547 demonstra,

543 2555 691 2636 praecipe

29 2631 30 2634 '
123 2623 169 2698 i't
188 2643 297 2698 teneat
316 2635 444 2699 oonsilio
464 2643 620 2700 nostra...

82 2731 196 2774 ceterum
211 2720 323 2772 Rsrzrvs
341 2721 410 2772 huuc
425 2737 527 2773 versum
546 2724 584 2772 aio
600 2729 743 2773 correxerat
760 2718 815 2774 otto
828 2720 922 2772 &marn
934 2723 1045 2772 matram

82 2793 209 2852 ιναιιιίνσ,
236 2797 311 2856 atque
328 2790 392 2842 dade
411 2792 435 2842 ei
451 2799 576 2854 moereo,
595 2792 735 2856 praecipe,
763 2790 810 2842 sed
827 2789 877 2840 hoc
893 2805 944 2841 non
960 2790 1044 2855 magis

82 2863 118 2912 ad
140 2860 283 2912 Plautinum
306 2860 515 2912 consuetudinem
536 2875 613 2925 quam
638 2861 707 2924 quod
732 2873 770 2910 τι
792 2875 817 2910 v.
835 2855 888 2910 484
906 2860 1044 2924 scripseras

83 2937 188 2982 nostrae
206 2918 281 2991 donni
300 2945 376 2995 quem
392 2944 495 2981 versum
513 2944 550 2980 rr
567 2944 635 2980 nnuc
651 2930 707 2996 ipse
724 2928 797 2979 aliter
814 2926 985 2993 perpolivistl.
1008 2928 1045 2976 ei·

84 3001 145 3051 dem
163 2997 257 3065 Rutulo
276 2999 381 3051 debetur
398 2999 468 3062 quod
485 3015 511 3050 r.
522 2995 574 3051 179
593 2999 690 3050 intexui
707 2997 748 3048 dic
765 2997 834 3062 quod
852 3012 910 3047 cum
926 3004 951 3046 et
962 2997 988 3046 iu
999 3010 1044 3046 au-

84 3066 212 3120 teoedeuti
235 3074 259 3118 et
283 3069 310 3118 in
334 3069 450 3132 sequenti
467 3083 543 3119 versu
559 3069 587 3118 in
605 3067 676 3118 libris
693 3066 795 3117 abunde
814 3065 929 3117 additum
946 3065 980 3114 sit
995 3063 1045 3114 huo
1127 3062 1130 3070 ’

84 3137 238 3203 pertinuisse
255 3135 368 3189 videtur:
393 3136 461 3187 idem
479 3154 503 3188 v.
514 3133 567 3190 419
586 3143 644 3188 ante
661 3136 786 3186 Boram
804 3135 934 3186 invenerat
949 3149 982 3185 ne
999 3147 1046 3184 noe

29 3207 31 3220 '
84 3213 190 3266 nosnoet,
214 3221 239 3257 v.
254 3200 307 3258 471
329 3206 373 3271 qui
392 3205 457 3256 dano
480 3207 550 3272 quod
571 3207 622 3258 inm
640 3205 765 3258 Philolll
781 3201 854 3270 pas
872 3204 990 3256 indicavi.
1009 3227 1046 3240 -·

29 3597 48 3934 l

85 3274 206 3339 Sequitur
223 3275 301 3325 series
319 3275 525 3328 emendationum
543 3289 655 3327 ornarat
673 3289 749 3339 quam
767 3275 836 3338 qnod
854 3289 887 3326 ex
905 3285 960 3324 rvr
971 3285 1045 3337 prae-

86 3355 180 3405 fatione
197 3348 275 3404 Stichi
289 3353 436 3418 transcripsi
447 3369 498 3405 non
509 3354 576 3406 ieros
585 3353 704 3404 moleste:
719 3343 756 3403 ‘v.
767 3346 899 3403 1631θκ
912 3339 1045 3401 uidisse:

85 3453 110 3486 e.
124 3431 175 3487 367
197 3428 243 3489 Ac
265 3447 334 3490 cum
355 3427 473 3491 illeuo:
493 3435 583 3491 uilo
603 3427 747 3492 uiderim.
782 3427 937 3504 Pilltgo
960 3426 1046 3485 mora

86 3531 191 3574 moror
212 3511 341 3576 mirlturn
361 3519 408 3586 (ab
425 3519 556 3586 Derzro):
574 3537 600 3572 v.
611 3518 664 3572 406
683 3511 840 3593 plenumst
854 3508 887 3570 id
902 3507 1045 3588 quidemr
