<?xml version="1.0" encoding="UTF-8"?>
<!DOCTYPE html PUBLIC "-//W3C//DTD XHTML 1.0 Transitional//EN"
    "http://www.w3.org/TR/xhtml1/DTD/xhtml1-transitional.dtd">
<html xmlns="http://www.w3.org/1999/xhtml" xml:lang="en" lang="en">
 <head>
  <title>
</title>
<meta http-equiv="Content-Type" content="text/html;charset=utf-8" />
  <meta name='ocr-system' content='tesseract 3.04.00' />
  <meta name='ocr-capabilities' content='ocr_page ocr_carea ocr_par ocr_line ocrx_word'/>
</head>
<body>
  <div class='ocr_page' id='page_1' title='image "./tmacciplavticom00ritsgoog_0579.png"; bbox 0 0 2544 3920; ppageno 0'>
   <div class='ocr_carea' id='block_1_1' title="bbox 148 281 1101 354">
    <p class='ocr_par' dir='ltr' id='par_1_1' title="bbox 148 281 1101 354">
     <span class='ocr_line' id='line_1_1' title="bbox 148 281 1101 354; baseline 0 -2"><span class='ocrx_word' id='word_1_1' title='bbox 148 296 346 354; x_wconf 73' lang='lat' dir='ltr'><strong>uuam-ae</strong></span> <span class='ocrx_word' id='word_1_2' title='bbox 426 281 822 347; x_wconf 78' lang='lat' dir='ltr'><strong>PsEVDVLVS.</strong></span> <span class='ocrx_word' id='word_1_3' title='bbox 1039 286 1101 352; x_wconf 79' lang='lat' dir='ltr'><strong>ara</strong></span> 
     </span>
    </p>
   </div>
   <div class='ocr_carea' id='block_1_2' title="bbox 160 452 1101 3626">
    <p class='ocr_par' dir='ltr' id='par_1_2' title="bbox 268 452 957 536">
     <span class='ocr_line' id='line_1_2' title="bbox 268 452 957 536; baseline 0.006 -21"><span class='ocrx_word' id='word_1_4' title='bbox 268 453 354 534; x_wconf 80' lang='lat' dir='ltr'><strong>linga</strong></span> <span class='ocrx_word' id='word_1_5' title='bbox 366 456 495 535; x_wconf 81' lang='lat' dir='ltr'><strong>tpaeera</strong></span> <span class='ocrx_word' id='word_1_6' title='bbox 507 452 631 514; x_wconf 87' lang='lat' dir='ltr'><strong>hercle:</strong></span> <span class='ocrx_word' id='word_1_7' title='bbox 654 455 752 534; x_wconf 70' lang='lat' dir='ltr'><strong>gestio</strong></span> <span class='ocrx_word' id='word_1_8' title='bbox 763 458 957 536; x_wconf 85' lang='lat' dir='ltr'><strong>promittere.</strong></span> 
     </span>
    </p>

    <p class='ocr_par' dir='ltr' id='par_1_3' title="bbox 269 551 957 632">
     <span class='ocr_line' id='line_1_3' title="bbox 269 551 957 632; baseline 0.004 -20"><span class='ocrx_word' id='word_1_9' title='bbox 269 551 374 632; x_wconf 80' lang='lat' dir='ltr'><strong>Atque</strong></span> <span class='ocrx_word' id='word_1_10' title='bbox 387 553 478 613; x_wconf 74' lang='lat' dir='ltr'><strong>etiam</strong></span> <span class='ocrx_word' id='word_1_11' title='bbox 488 552 602 613; x_wconf 86' lang='lat' dir='ltr'><strong>habeto</strong></span> <span class='ocrx_word' id='word_1_12' title='bbox 613 551 778 615; x_wconf 81' lang='lat' dir='ltr'><strong>mulierem</strong></span> <span class='ocrx_word' id='word_1_13' title='bbox 789 553 870 616; x_wconf 80' lang='lat' dir='ltr'><strong>dent</strong></span> <span class='ocrx_word' id='word_1_14' title='bbox 882 555 957 616; x_wconf 82' lang='lat' dir='ltr'><strong>tihi=</strong></span> 
     </span>
    </p>

    <p class='ocr_par' dir='ltr' id='par_1_4' title="bbox 270 649 1099 720">
     <span class='ocr_line' id='line_1_4' title="bbox 270 649 1099 720; baseline 0.008 -7"><span class='ocrx_word' id='word_1_15' title='bbox 270 652 417 713; x_wconf 81' lang='lat' dir='ltr'><strong>Omnibus</strong></span> <span class='ocrx_word' id='word_1_16' title='bbox 429 649 527 712; x_wconf 86' lang='lat' dir='ltr'><strong>modis</strong></span> <span class='ocrx_word' id='word_1_17' title='bbox 539 651 596 712; x_wconf 88' lang='lat' dir='ltr'><strong>tibi</strong></span> <span class='ocrx_word' id='word_1_18' title='bbox 608 653 677 713; x_wconf 73' lang='lat' dir='ltr'><strong>ease</strong></span> <span class='ocrx_word' id='word_1_19' title='bbox 688 660 798 715; x_wconf 85' lang='lat' dir='ltr'><strong>remnt</strong></span> <span class='ocrx_word' id='word_1_20' title='bbox 807 651 922 715; x_wconf 70' lang='lat' dir='ltr'><strong>salutm</strong></span> <span class='ocrx_word' id='word_1_21' title='bbox 930 655 1016 718; x_wconf 77' lang='lat' dir='ltr'><strong>aciae.</strong></span> <span class='ocrx_word' id='word_1_22' title='bbox 1029 662 1099 720; x_wconf 81' lang='grc'><strong>1075</strong></span> 
     </span>
    </p>

    <p class='ocr_par' dir='ltr' id='par_1_5' title="bbox 268 746 1078 836">
     <span class='ocr_line' id='line_1_5' title="bbox 268 746 1078 836; baseline 0.005 -22"><span class='ocrx_word' id='word_1_23' title='bbox 268 751 312 814; x_wconf 91' lang='grc'><strong>81.</strong></span> <span class='ocrx_word' id='word_1_24' title='bbox 335 749 460 814; x_wconf 81' lang='lat' dir='ltr'><strong>Nulluim</strong></span> <span class='ocrx_word' id='word_1_25' title='bbox 470 746 663 832; x_wconf 62' lang='lat' dir='ltr'><strong>periclnmat</strong></span> <span class='ocrx_word' id='word_1_26' title='bbox 678 751 876 834; x_wconf 75' lang='lat' dir='ltr'><strong>quidecim,</strong></span> <span class='ocrx_word' id='word_1_27' title='bbox 888 753 1078 836; x_wconf 64' lang='lat' dir='ltr'><strong>stipulirien</strong></span> 
     </span>
    </p>

    <p class='ocr_par' dir='ltr' id='par_1_6' title="bbox 267 849 853 932">
     <span class='ocr_line' id='line_1_6' title="bbox 267 849 853 932; baseline -0.002 -17"><span class='ocrx_word' id='word_1_28' title='bbox 267 849 311 916; x_wconf 83' lang='lat' dir='ltr'><strong>Vt</strong></span> <span class='ocrx_word' id='word_1_29' title='bbox 322 851 492 932; x_wconf 77' lang='lat' dir='ltr'><strong>ctneepiati</strong></span> <span class='ocrx_word' id='word_1_30' title='bbox 503 850 608 912; x_wconf 78' lang='lat' dir='ltr'><strong>utrba.</strong></span> <span class='ocrx_word' id='word_1_31' title='bbox 631 851 743 931; x_wconf 80' lang='lat' dir='ltr'><strong>uiginti</strong></span> <span class='ocrx_word' id='word_1_32' title='bbox 756 854 853 914; x_wconf 76' lang='lat' dir='ltr'><strong>minae</strong></span> 
     </span>
    </p>

    <p class='ocr_par' dir='ltr' id='par_1_7' title="bbox 269 949 1099 1113">
     <span class='ocr_line' id='line_1_7' title="bbox 269 949 1099 1033; baseline 0.004 -20"><span class='ocrx_word' id='word_1_33' title='bbox 269 952 390 1014; x_wconf 74' lang='lat' dir='ltr'><strong>Babin‘i</strong></span> <span class='ocrx_word' id='word_1_34' title='bbox 417 949 480 1012; x_wconf 89' lang='lat' dir='ltr'><strong>BA.</strong></span> <span class='ocrx_word' id='word_1_35' title='bbox 495 950 664 1012; x_wconf 77' lang='lat' dir='ltr'><strong>Dabuntur.</strong></span> <span class='ocrx_word' id='word_1_36' title='bbox 693 950 736 1013; x_wconf 92' lang='grc'><strong>81.</strong></span> <span class='ocrx_word' id='word_1_37' title='bbox 752 951 821 1015; x_wconf 78' lang='lat' dir='ltr'><strong>nee</strong></span> <span class='ocrx_word' id='word_1_38' title='bbox 833 952 958 1033; x_wconf 81' lang='lat' dir='ltr'><strong>quidem</strong></span> <span class='ocrx_word' id='word_1_39' title='bbox 969 961 1099 1016; x_wconf 87' lang='lat' dir='ltr'><strong>actnmat</strong></span> 
     </span>
     <span class='ocr_line' id='line_1_8' title="bbox 596 1048 755 1113; baseline 0.025 -5"><span class='ocrx_word' id='word_1_40' title='bbox 596 1048 755 1113; x_wconf 79' lang='lat' dir='ltr'><strong>harimale.</strong></span> 
     </span>
    </p>

    <p class='ocr_par' dir='ltr' id='par_1_8' title="bbox 268 1152 1098 1319">
     <span class='ocr_line' id='line_1_9' title="bbox 268 1152 1098 1218; baseline 0.004 -4"><span class='ocrx_word' id='word_1_41' title='bbox 268 1153 324 1218; x_wconf 77' lang='lat' dir='ltr'><strong>set</strong></span> <span class='ocrx_word' id='word_1_42' title='bbox 341 1153 554 1215; x_wconf 79' lang='lat' dir='ltr'><strong>etnueniatine</strong></span> <span class='ocrx_word' id='word_1_43' title='bbox 573 1152 753 1214; x_wconf 75' lang='lat' dir='ltr'><strong>himinam?</strong></span> <span class='ocrx_word' id='word_1_44' title='bbox 792 1154 853 1214; x_wconf 88' lang='lat' dir='ltr'><strong>BA.</strong></span> <span class='ocrx_word' id='word_1_45' title='bbox 881 1153 975 1215; x_wconf 84' lang='lat' dir='ltr'><strong>Immo</strong></span> <span class='ocrx_word' id='word_1_46' title='bbox 994 1157 1098 1217; x_wconf 64' lang='lat' dir='ltr'><strong>ambria</strong></span> 
     </span>
     <span class='ocr_line' id='line_1_10' title="bbox 598 1249 1098 1319; baseline 0.012 -9"><span class='ocrx_word' id='word_1_47' title='bbox 598 1249 706 1312; x_wconf 81' lang='lat' dir='ltr'><strong>semul.</strong></span> <span class='ocrx_word' id='word_1_48' title='bbox 1029 1261 1098 1319; x_wconf 87' lang='grc'><strong>1019</strong></span> 
     </span>
    </p>

    <p class='ocr_par' dir='ltr' id='par_1_9' title="bbox 268 1347 1098 1432">
     <span class='ocr_line' id='line_1_11' title="bbox 268 1347 1098 1432; baseline 0.006 -23"><span class='ocrx_word' id='word_1_49' title='bbox 268 1348 311 1413; x_wconf 84' lang='grc'><strong>81.</strong></span> <span class='ocrx_word' id='word_1_50' title='bbox 323 1347 405 1427; x_wconf 79' lang='lat' dir='ltr'><strong>Quid</strong></span> <span class='ocrx_word' id='word_1_51' title='bbox 416 1348 480 1409; x_wconf 80' lang='lat' dir='ltr'><strong>aiii</strong></span> <span class='ocrx_word' id='word_1_52' title='bbox 497 1347 707 1429; x_wconf 79' lang='lat' dir='ltr'><strong>quidnarrati</strong></span> <span class='ocrx_word' id='word_1_53' title='bbox 724 1351 838 1430; x_wconf 73' lang='lat' dir='ltr'><strong>quatuo</strong></span> <span class='ocrx_word' id='word_1_54' title='bbox 848 1351 1007 1432; x_wconf 81' lang='lat' dir='ltr'><strong>qniddixit</strong></span> <span class='ocrx_word' id='word_1_55' title='bbox 1018 1352 1098 1414; x_wconf 75' lang='lat' dir='ltr'><strong>uuit</strong></span> 
     </span>
    </p>

    <p class='ocr_par' dir='ltr' id='par_1_10' title="bbox 267 1447 1032 1527">
     <span class='ocr_line' id='line_1_12' title="bbox 267 1447 1032 1527; baseline 0.007 -20"><span class='ocrx_word' id='word_1_56' title='bbox 267 1447 330 1512; x_wconf 88' lang='lat' dir='ltr'><strong>BA.</strong></span> <span class='ocrx_word' id='word_1_57' title='bbox 353 1447 455 1526; x_wconf 81' lang='lat' dir='ltr'><strong>Nngta</strong></span> <span class='ocrx_word' id='word_1_58' title='bbox 468 1448 599 1509; x_wconf 78' lang='lat' dir='ltr'><strong>theatri:</strong></span> <span class='ocrx_word' id='word_1_59' title='bbox 620 1449 717 1510; x_wconf 73' lang='lat' dir='ltr'><strong>uerba</strong></span> <span class='ocrx_word' id='word_1_60' title='bbox 729 1467 807 1527; x_wconf 89' lang='lat' dir='ltr'><strong>qnae</strong></span> <span class='ocrx_word' id='word_1_61' title='bbox 820 1450 853 1509; x_wconf 90' lang='lat' dir='ltr'><strong>in</strong></span> <span class='ocrx_word' id='word_1_62' title='bbox 866 1449 1032 1512; x_wconf 69' lang='lat' dir='ltr'><strong>cemoediis</strong></span> 
     </span>
    </p>

    <p class='ocr_par' dir='ltr' id='par_1_11' title="bbox 268 1545 895 1630">
     <span class='ocr_line' id='line_1_13' title="bbox 268 1545 895 1630; baseline -0.002 -20"><span class='ocrx_word' id='word_1_63' title='bbox 268 1547 377 1610; x_wconf 72' lang='lat' dir='ltr'><strong>Solent</strong></span> <span class='ocrx_word' id='word_1_64' title='bbox 385 1545 494 1610; x_wconf 85' lang='lat' dir='ltr'><strong>lenoni</strong></span> <span class='ocrx_word' id='word_1_65' title='bbox 505 1546 576 1629; x_wconf 83' lang='lat' dir='ltr'><strong>diei,</strong></span> <span class='ocrx_word' id='word_1_66' title='bbox 588 1567 666 1630; x_wconf 85' lang='lat' dir='ltr'><strong>qnae</strong></span> <span class='ocrx_word' id='word_1_67' title='bbox 677 1551 769 1629; x_wconf 79' lang='lat' dir='ltr'><strong>pueri</strong></span> <span class='ocrx_word' id='word_1_68' title='bbox 779 1549 895 1610; x_wconf 82' lang='lat' dir='ltr'><strong>aeiunt:</strong></span> 
     </span>
    </p>

    <p class='ocr_par' dir='ltr' id='par_1_12' title="bbox 266 1645 1061 1730">
     <span class='ocr_line' id='line_1_14' title="bbox 266 1645 1061 1730; baseline 0.006 -22"><span class='ocrx_word' id='word_1_69' title='bbox 266 1645 384 1708; x_wconf 69' lang='lat' dir='ltr'><strong>Malam</strong></span> <span class='ocrx_word' id='word_1_70' title='bbox 394 1648 427 1709; x_wconf 74' lang='lat' dir='ltr'><strong>tt</strong></span> <span class='ocrx_word' id='word_1_71' title='bbox 437 1646 605 1710; x_wconf 77' lang='lat' dir='ltr'><strong>scelestum</strong></span> <span class='ocrx_word' id='word_1_72' title='bbox 617 1655 651 1710; x_wconf 86' lang='lat' dir='ltr'><strong>et</strong></span> <span class='ocrx_word' id='word_1_73' title='bbox 659 1649 817 1730; x_wconf 75' lang='lat' dir='ltr'><strong>periurum</strong></span> <span class='ocrx_word' id='word_1_74' title='bbox 829 1651 911 1712; x_wconf 86' lang='lat' dir='ltr'><strong>aibat</strong></span> <span class='ocrx_word' id='word_1_75' title='bbox 922 1650 991 1712; x_wconf 74' lang='lat' dir='ltr'><strong>tuae</strong></span> <span class='ocrx_word' id='word_1_76' title='bbox 1002 1670 1061 1714; x_wconf 88' lang='lat' dir='ltr'><strong>me.</strong></span> 
     </span>
    </p>

    <p class='ocr_par' dir='ltr' id='par_1_13' title="bbox 267 1733 1094 1830">
     <span class='ocr_line' id='line_1_15' title="bbox 267 1733 1094 1830; baseline 0.01 -22"><span class='ocrx_word' id='word_1_77' title='bbox 267 1746 311 1811; x_wconf 92' lang='grc'><strong>81.</strong></span> <span class='ocrx_word' id='word_1_78' title='bbox 334 1744 647 1814; x_wconf 82' lang='lat' dir='ltr'><strong>l’olhaurnentitnst.</strong></span> <span class='ocrx_word' id='word_1_79' title='bbox 671 1749 734 1814; x_wconf 86' lang='lat' dir='ltr'><strong>BA.</strong></span> <span class='ocrx_word' id='word_1_80' title='bbox 751 1733 1094 1830; x_wconf 72' lang='lat' dir='ltr'><strong>Ergohantiratriaiui.</strong></span> 
     </span>
    </p>

    <p class='ocr_par' dir='ltr' id='par_1_14' title="bbox 264 1843 1095 1928">
     <span class='ocr_line' id='line_1_16' title="bbox 264 1843 1095 1928; baseline 0.007 -20"><span class='ocrx_word' id='word_1_81' title='bbox 264 1847 339 1908; x_wconf 87' lang='lat' dir='ltr'><strong>Nam</strong></span> <span class='ocrx_word' id='word_1_82' title='bbox 352 1848 457 1924; x_wconf 81' lang='lat' dir='ltr'><strong>quinti</strong></span> <span class='ocrx_word' id='word_1_83' title='bbox 467 1847 569 1909; x_wconf 80' lang='lat' dir='ltr'><strong>refert</strong></span> <span class='ocrx_word' id='word_1_84' title='bbox 582 1843 612 1910; x_wconf 79' lang='grc' dir='ltr'><strong>ὄ1</strong></span> <span class='ocrx_word' id='word_1_85' title='bbox 623 1867 683 1910; x_wconf 82' lang='lat' dir='ltr'><strong>nee</strong></span> <span class='ocrx_word' id='word_1_86' title='bbox 693 1854 782 1910; x_wconf 85' lang='lat' dir='ltr'><strong>reete</strong></span> <span class='ocrx_word' id='word_1_87' title='bbox 794 1845 910 1928; x_wconf 79' lang='lat' dir='ltr'><strong>dicere,</strong></span> <span class='ocrx_word' id='word_1_88' title='bbox 1029 1860 1095 1914; x_wconf 78' lang='grc'><strong>1085</strong></span> 
     </span>
    </p>

    <p class='ocr_par' dir='ltr' id='par_1_15' title="bbox 160 1943 939 2028">
     <span class='ocr_line' id='line_1_17' title="bbox 160 1943 939 2028; baseline 0.004 -23"><span class='ocrx_word' id='word_1_89' title='bbox 160 1972 163 1976; x_wconf 93' lang='grc'>·</span> <span class='ocrx_word' id='word_1_90' title='bbox 265 1947 325 2022; x_wconf 80' lang='lat' dir='ltr'><strong>Qui</strong></span> <span class='ocrx_word' id='word_1_91' title='bbox 335 1943 426 2005; x_wconf 87' lang='lat' dir='ltr'><strong>nihili</strong></span> <span class='ocrx_word' id='word_1_92' title='bbox 437 1947 531 2007; x_wconf 85' lang='lat' dir='ltr'><strong>faeiat</strong></span> <span class='ocrx_word' id='word_1_93' title='bbox 542 1949 656 2028; x_wconf 86' lang='lat' dir='ltr'><strong>quique</strong></span> <span class='ocrx_word' id='word_1_94' title='bbox 666 1949 782 2008; x_wconf 79' lang='lat' dir='ltr'><strong>infitias</strong></span> <span class='ocrx_word' id='word_1_95' title='bbox 792 1949 855 2007; x_wconf 75' lang='lat' dir='ltr'><strong>nin</strong></span> <span class='ocrx_word' id='word_1_96' title='bbox 866 1949 939 2008; x_wconf 70' lang='lat' dir='ltr'><strong>eati</strong></span> 
     </span>
    </p>

    <p class='ocr_par' dir='ltr' id='par_1_16' title="bbox 264 2041 1094 2224">
     <span class='ocr_line' id='line_1_18' title="bbox 264 2041 1094 2124; baseline 0.01 -20"><span class='ocrx_word' id='word_1_97' title='bbox 264 2041 307 2105; x_wconf 93' lang='grc'><strong>81.</strong></span> <span class='ocrx_word' id='word_1_98' title='bbox 331 2041 412 2120; x_wconf 80' lang='lat' dir='ltr'><strong>Quid</strong></span> <span class='ocrx_word' id='word_1_99' title='bbox 429 2048 478 2104; x_wconf 85' lang='lat' dir='ltr'><strong>eat</strong></span> <span class='ocrx_word' id='word_1_100' title='bbox 495 2043 578 2124; x_wconf 67' lang='lat' dir='ltr'><strong>quiid</strong></span> <span class='ocrx_word' id='word_1_101' title='bbox 593 2065 656 2106; x_wconf 88' lang='lat' dir='ltr'><strong>non</strong></span> <span class='ocrx_word' id='word_1_102' title='bbox 673 2051 791 2107; x_wconf 75' lang='lat' dir='ltr'><strong>metuar</strong></span> <span class='ocrx_word' id='word_1_103' title='bbox 809 2048 846 2106; x_wconf 79' lang='lat' dir='ltr'><strong>ib</strong></span> <span class='ocrx_word' id='word_1_104' title='bbox 858 2047 919 2108; x_wconf 81' lang='lat' dir='ltr'><strong>eoi</strong></span> <span class='ocrx_word' id='word_1_105' title='bbox 940 2047 974 2108; x_wconf 82' lang='lat' dir='ltr'><strong>id</strong></span> <span class='ocrx_word' id='word_1_106' title='bbox 987 2049 1094 2112; x_wconf 84' lang='lat' dir='ltr'><strong>audire</strong></span> 
     </span>
     <span class='ocr_line' id='line_1_19' title="bbox 595 2144 715 2224; baseline 0.017 -20"><span class='ocrx_word' id='word_1_107' title='bbox 595 2144 715 2224; x_wconf 69' lang='lat' dir='ltr'><strong>expeto.</strong></span> 
     </span>
    </p>

    <p class='ocr_par' dir='ltr' id='par_1_17' title="bbox 263 2241 1093 2424">
     <span class='ocr_line' id='line_1_20' title="bbox 263 2241 1093 2321; baseline 0.01 -20"><span class='ocrx_word' id='word_1_108' title='bbox 263 2241 326 2304; x_wconf 87' lang='lat' dir='ltr'><strong>BA.</strong></span> <span class='ocrx_word' id='word_1_109' title='bbox 350 2242 429 2318; x_wconf 79' lang='lat' dir='ltr'><strong>Quia</strong></span> <span class='ocrx_word' id='word_1_110' title='bbox 445 2243 608 2321; x_wconf 77' lang='lat' dir='ltr'><strong>numquam</strong></span> <span class='ocrx_word' id='word_1_111' title='bbox 624 2241 757 2304; x_wconf 82' lang='lat' dir='ltr'><strong>abducet</strong></span> <span class='ocrx_word' id='word_1_112' title='bbox 773 2242 935 2306; x_wconf 76' lang='lat' dir='ltr'><strong>mulierem</strong></span> <span class='ocrx_word' id='word_1_113' title='bbox 955 2247 1016 2307; x_wconf 89' lang='lat' dir='ltr'><strong>iam</strong></span> <span class='ocrx_word' id='word_1_114' title='bbox 1036 2248 1093 2310; x_wconf 77' lang='lat' dir='ltr'><strong>nte</strong></span> 
     </span>
     <span class='ocr_line' id='line_1_21' title="bbox 591 2348 705 2424; baseline 0.009 -21"><span class='ocrx_word' id='word_1_115' title='bbox 591 2348 705 2424; x_wconf 80' lang='lat' dir='ltr'><strong>pateat.</strong></span> 
     </span>
    </p>

    <p class='ocr_par' dir='ltr' id='par_1_18' title="bbox 264 2437 1093 2602">
     <span class='ocr_line' id='line_1_22' title="bbox 264 2437 1093 2522; baseline 0.006 -22"><span class='ocrx_word' id='word_1_116' title='bbox 264 2438 320 2522; x_wconf 90' lang='grc'><strong>[81.</strong></span> <span class='ocrx_word' id='word_1_117' title='bbox 340 2438 399 2517; x_wconf 77' lang='lat' dir='ltr'><strong>Qui</strong></span> <span class='ocrx_word' id='word_1_118' title='bbox 416 2437 511 2500; x_wconf 77' lang='lat' dir='ltr'><strong>daim?</strong></span> <span class='ocrx_word' id='word_1_119' title='bbox 541 2439 617 2518; x_wconf 77' lang='lat' dir='ltr'><strong>BA]</strong></span> <span class='ocrx_word' id='word_1_120' title='bbox 634 2440 826 2504; x_wconf 73' lang='lat' dir='ltr'><strong>Meministin</strong></span> <span class='ocrx_word' id='word_1_121' title='bbox 842 2444 901 2504; x_wconf 88' lang='lat' dir='ltr'><strong>tibi</strong></span> <span class='ocrx_word' id='word_1_122' title='bbox 918 2442 1093 2505; x_wconf 73' lang='lat' dir='ltr'><strong>medanum</strong></span> 
     </span>
     <span class='ocr_line' id='line_1_23' title="bbox 591 2538 697 2602; baseline 0.019 -2"><span class='ocrx_word' id='word_1_123' title='bbox 591 2538 697 2602; x_wconf 81' lang='lat' dir='ltr'><strong>dicere</strong></span> 
     </span>
    </p>

    <p class='ocr_par' dir='ltr' id='par_1_19' title="bbox 260 2636 1093 2706">
     <span class='ocr_line' id='line_1_24' title="bbox 260 2636 1093 2706; baseline 0.005 -5"><span class='ocrx_word' id='word_1_124' title='bbox 260 2640 337 2702; x_wconf 80' lang='lat' dir='ltr'><strong>Bam</strong></span> <span class='ocrx_word' id='word_1_125' title='bbox 346 2639 503 2701; x_wconf 69' lang='lat' dir='ltr'><strong>ueniniae</strong></span> <span class='ocrx_word' id='word_1_126' title='bbox 514 2636 606 2701; x_wconf 81' lang='lat' dir='ltr'><strong>militi</strong></span> <span class='ocrx_word' id='word_1_127' title='bbox 617 2639 825 2701; x_wconf 71' lang='lat' dir='ltr'><strong>Macedonio?</strong></span> <span class='ocrx_word' id='word_1_128' title='bbox 1024 2651 1093 2706; x_wconf 88' lang='grc'><strong>1090</strong></span> 
     </span>
    </p>

    <p class='ocr_par' dir='ltr' id='par_1_20' title="bbox 263 2738 1092 2919">
     <span class='ocr_line' id='line_1_25' title="bbox 263 2738 1092 2818; baseline 0.001 -17"><span class='ocrx_word' id='word_1_129' title='bbox 263 2739 307 2802; x_wconf 90' lang='grc'><strong>81.</strong></span> <span class='ocrx_word' id='word_1_130' title='bbox 330 2741 468 2803; x_wconf 89' lang='lat' dir='ltr'><strong>Memini.</strong></span> <span class='ocrx_word' id='word_1_131' title='bbox 504 2740 567 2816; x_wconf 91' lang='lat' dir='ltr'><strong>BA.</strong></span> <span class='ocrx_word' id='word_1_132' title='bbox 589 2740 687 2818; x_wconf 84' lang='lat' dir='ltr'><strong>Hem,</strong></span> <span class='ocrx_word' id='word_1_133' title='bbox 708 2738 790 2800; x_wconf 78' lang='lat' dir='ltr'><strong>illiue</strong></span> <span class='ocrx_word' id='word_1_134' title='bbox 801 2757 909 2800; x_wconf 83' lang='lat' dir='ltr'><strong>aeruna</strong></span> <span class='ocrx_word' id='word_1_135' title='bbox 919 2739 982 2802; x_wconf 80' lang='lat' dir='ltr'><strong>huie</strong></span> <span class='ocrx_word' id='word_1_136' title='bbox 992 2739 1032 2801; x_wconf 83' lang='lat' dir='ltr'><strong>ad</strong></span> <span class='ocrx_word' id='word_1_137' title='bbox 1043 2762 1092 2802; x_wconf 89' lang='lat' dir='ltr'><strong>me</strong></span> 
     </span>
     <span class='ocr_line' id='line_1_26' title="bbox 593 2838 872 2919; baseline 0 -17"><span class='ocrx_word' id='word_1_138' title='bbox 593 2846 753 2919; x_wconf 77' lang='lat' dir='ltr'><strong>argentum</strong></span> <span class='ocrx_word' id='word_1_139' title='bbox 766 2838 872 2902; x_wconf 68' lang='lat' dir='ltr'><strong>attulit</strong></span> 
     </span>
    </p>

    <p class='ocr_par' dir='ltr' id='par_1_21' title="bbox 260 2938 981 3025">
     <span class='ocr_line' id='line_1_27' title="bbox 260 2938 981 3025; baseline 0 -22"><span class='ocrx_word' id='word_1_140' title='bbox 260 2943 304 3003; x_wconf 86' lang='lat' dir='ltr'><strong>Bt</strong></span> <span class='ocrx_word' id='word_1_141' title='bbox 315 2941 491 3025; x_wconf 75' lang='lat' dir='ltr'><strong>{epistulam</strong></span> <span class='ocrx_word' id='word_1_142' title='bbox 502 2942 581 3022; x_wconf 81' lang='lat' dir='ltr'><strong>eina]</strong></span> <span class='ocrx_word' id='word_1_143' title='bbox 595 2942 795 3024; x_wconf 71' lang='lat' dir='ltr'><strong>insignatam,</strong></span> <span class='ocrx_word' id='word_1_144' title='bbox 808 2938 981 3003; x_wconf 76' lang='lat' dir='ltr'><strong>arimbulum</strong></span> 
     </span>
    </p>

    <p class='ocr_par' dir='ltr' id='par_1_22' title="bbox 262 3040 1101 3223">
     <span class='ocr_line' id='line_1_28' title="bbox 262 3040 1096 3120; baseline 0.002 -18"><span class='ocrx_word' id='word_1_145' title='bbox 262 3041 322 3120; x_wconf 78' lang='lat' dir='ltr'><strong>Qui</strong></span> <span class='ocrx_word' id='word_1_146' title='bbox 346 3043 429 3103; x_wconf 74' lang='lat' dir='ltr'><strong>inter</strong></span> <span class='ocrx_word' id='word_1_147' title='bbox 456 3060 505 3104; x_wconf 89' lang='lat' dir='ltr'><strong>me</strong></span> <span class='ocrx_word' id='word_1_148' title='bbox 528 3047 561 3104; x_wconf 88' lang='lat' dir='ltr'><strong>et</strong></span> <span class='ocrx_word' id='word_1_149' title='bbox 581 3040 672 3104; x_wconf 91' lang='lat' dir='ltr'><strong>illum</strong></span> <span class='ocrx_word' id='word_1_150' title='bbox 694 3044 891 3104; x_wconf 75' lang='lat' dir='ltr'><strong>conuenerat.</strong></span> <span class='ocrx_word' id='word_1_151' title='bbox 934 3042 977 3104; x_wconf 91' lang='grc'><strong>81.</strong></span> <span class='ocrx_word' id='word_1_152' title='bbox 1011 3043 1096 3120; x_wconf 80' lang='lat' dir='ltr'><strong>Quid</strong></span> 
     </span>
     <span class='ocr_line' id='line_1_29' title="bbox 589 3143 1101 3223; baseline 0.004 -20"><span class='ocrx_word' id='word_1_153' title='bbox 589 3143 718 3223; x_wconf 75' lang='lat' dir='ltr'><strong>ptateai</strong></span> <span class='ocrx_word' id='word_1_154' title='bbox 1025 3149 1101 3205; x_wconf 72' lang='grc'><strong>1090</strong></span> 
     </span>
    </p>

    <p class='ocr_par' dir='ltr' id='par_1_23' title="bbox 261 3240 1091 3324">
     <span class='ocr_line' id='line_1_30' title="bbox 261 3240 1091 3324; baseline 0.008 -22"><span class='ocrx_word' id='word_1_155' title='bbox 261 3241 322 3302; x_wconf 92' lang='lat' dir='ltr'><strong>BA.</strong></span> <span class='ocrx_word' id='word_1_156' title='bbox 341 3243 370 3302; x_wconf 85' lang='lat' dir='ltr'><strong>la</strong></span> <span class='ocrx_word' id='word_1_157' title='bbox 382 3243 486 3303; x_wconf 70' lang='lat' dir='ltr'><strong>aecum</strong></span> <span class='ocrx_word' id='word_1_158' title='bbox 498 3242 624 3305; x_wconf 79' lang='lat' dir='ltr'><strong>abdnust</strong></span> <span class='ocrx_word' id='word_1_159' title='bbox 635 3243 799 3307; x_wconf 72' lang='lat' dir='ltr'><strong>mulierem</strong></span> <span class='ocrx_word' id='word_1_160' title='bbox 809 3245 871 3305; x_wconf 85' lang='lat' dir='ltr'><strong>han</strong></span> <span class='ocrx_word' id='word_1_161' title='bbox 881 3240 977 3305; x_wconf 76' lang='lat' dir='ltr'><strong>multi</strong></span> <span class='ocrx_word' id='word_1_162' title='bbox 994 3246 1091 3324; x_wconf 81' lang='lat' dir='ltr'><strong>priua.</strong></span> 
     </span>
    </p>

    <p class='ocr_par' dir='ltr' id='par_1_24' title="bbox 260 3339 1099 3408">
     <span class='ocr_line' id='line_1_31' title="bbox 260 3339 1099 3408; baseline 0.004 -8"><span class='ocrx_word' id='word_1_163' title='bbox 260 3339 304 3403; x_wconf 91' lang='grc'><strong>81.</strong></span> <span class='ocrx_word' id='word_1_164' title='bbox 317 3341 423 3403; x_wconf 79' lang='grc' dir='ltr'>Βοιιιίιι</span> <span class='ocrx_word' id='word_1_165' title='bbox 433 3341 496 3404; x_wconf 80' lang='lat' dir='ltr'><strong>flue</strong></span> <span class='ocrx_word' id='word_1_166' title='bbox 507 3345 587 3405; x_wconf 83' lang='lat' dir='ltr'><strong>iatnc</strong></span> <span class='ocrx_word' id='word_1_167' title='bbox 600 3342 700 3407; x_wconf 82' lang='lat' dir='ltr'><strong>dieia‘i</strong></span> <span class='ocrx_word' id='word_1_168' title='bbox 721 3346 783 3406; x_wconf 91' lang='lat' dir='ltr'><strong>BA.</strong></span> <span class='ocrx_word' id='word_1_169' title='bbox 796 3344 887 3408; x_wconf 82' lang='lat' dir='ltr'><strong>Vnde</strong></span> <span class='ocrx_word' id='word_1_170' title='bbox 899 3362 936 3405; x_wconf 88' lang='lat' dir='ltr'><strong>ea</strong></span> <span class='ocrx_word' id='word_1_171' title='bbox 947 3347 988 3406; x_wconf 82' lang='lat' dir='ltr'><strong>ait</strong></span> <span class='ocrx_word' id='word_1_172' title='bbox 996 3342 1099 3404; x_wconf 72' lang='lat' dir='ltr'><strong>munit</strong></span> 
     </span>
    </p>

    <p class='ocr_par' dir='ltr' id='par_1_25' title="bbox 261 3439 1096 3524">
     <span class='ocr_line' id='line_1_32' title="bbox 261 3439 1096 3524; baseline 0.001 -24"><span class='ocrx_word' id='word_1_173' title='bbox 261 3439 305 3501; x_wconf 88' lang='grc'><strong>81.</strong></span> <span class='ocrx_word' id='word_1_174' title='bbox 329 3439 409 3502; x_wconf 83' lang='lat' dir='ltr'><strong>Vide</strong></span> <span class='ocrx_word' id='word_1_175' title='bbox 428 3442 519 3505; x_wconf 76' lang='lat' dir='ltr'><strong>medo</strong></span> <span class='ocrx_word' id='word_1_176' title='bbox 529 3462 570 3504; x_wconf 86' lang='lat' dir='ltr'><strong>ne</strong></span> <span class='ocrx_word' id='word_1_177' title='bbox 580 3441 649 3505; x_wconf 88' lang='lat' dir='ltr'><strong>illie</strong></span> <span class='ocrx_word' id='word_1_178' title='bbox 660 3446 702 3506; x_wconf 82' lang='lat' dir='ltr'><strong>ait</strong></span> <span class='ocrx_word' id='word_1_179' title='bbox 713 3444 937 3506; x_wconf 78' lang='lat' dir='ltr'><strong>etnteahnatua</strong></span> <span class='ocrx_word' id='word_1_180' title='bbox 948 3441 1096 3524; x_wconf 80' lang='lat' dir='ltr'><strong>quipiam.</strong></span> 
     </span>
    </p>

    <p class='ocr_par' dir='ltr' id='par_1_26' title="bbox 257 3539 981 3626">
     <span class='ocr_line' id='line_1_33' title="bbox 257 3539 981 3626; baseline 0.004 -26"><span class='ocrx_word' id='word_1_181' title='bbox 257 3539 320 3604; x_wconf 89' lang='lat' dir='ltr'><strong>BA.</strong></span> <span class='ocrx_word' id='word_1_182' title='bbox 332 3540 474 3623; x_wconf 82' lang='lat' dir='ltr'><strong>Bpistula</strong></span> <span class='ocrx_word' id='word_1_183' title='bbox 485 3547 577 3624; x_wconf 87' lang='lat' dir='ltr'><strong>atque</strong></span> <span class='ocrx_word' id='word_1_184' title='bbox 588 3547 688 3626; x_wconf 79' lang='lat' dir='ltr'><strong>imtga</strong></span> <span class='ocrx_word' id='word_1_185' title='bbox 699 3564 748 3607; x_wconf 91' lang='lat' dir='ltr'><strong>me</strong></span> <span class='ocrx_word' id='word_1_186' title='bbox 760 3547 881 3608; x_wconf 78' lang='lat' dir='ltr'><strong>eertum</strong></span> <span class='ocrx_word' id='word_1_187' title='bbox 890 3543 981 3605; x_wconf 82' lang='lat' dir='ltr'><strong>iacit:</strong></span> 
     </span>
    </p>
   </div>
   <div class='ocr_carea' id='block_1_3' title="bbox 0 0 1276 3920">
    <p class='ocr_par' dir='ltr' id='par_1_27' title="bbox 0 0 1276 3920">
     <span class='ocr_line' id='line_1_34' title="bbox 0 0 1276 3920; baseline 0 2"><span class='ocrx_word' id='word_1_188' title='bbox 0 0 1276 3920; x_wconf 95' lang='lat' dir='ltr'><strong> </strong></span> 
     </span>
    </p>
   </div>
  </div>
 </body>
</html>
