2482 3936
328 317 374 368 AD
389 315 470 370 Fati).
489 315 710 371 muscfluuivnt.
932 321 1002 376 xvii

60 470 124 527 adit
137 457 198 545 in
208 485 271 548 ego
283 469 374 530 sumi
394 468 453 532 SO.
463 470 565 534 Periit
586 470 657 532 Mu.
670 469 783 532 Parum
794 473 902 536 etiamr
916 479 1001 536 vace

59 550 236 631 quiquidem
253 570 341 614 meus
357 557 398 614 sit
410 559 514 636 pater:
537 578 561 616 v.
571 560 624 613 950
635 555 688 634 qul
703 556 736 616 iu
752 574 821 617 mea
837 562 911 620 naui
924 559 1000 620 init:

58 658 74 690 v.
84 637 144 693 root
164 635 280 717 Neque
294 635 387 699 sillast
401 639 587 701 confidentia
599 639 661 700 lam
674 640 707 700 iu
723 638 826 702 cdrde.
841 673 885 690 -·
904 649 937 699 V.
947 645 1000 701 269

55 723 211 778 additamento
228 728 272 778 lu'a
290 728 366 779 iacila
383 743 468 780 careas
486 731 570 782 serbis
588 731 626 780 sic
638 731 799 796 transpositis
818 709 921 806 Atque
932 722 999 786 telo

55 797 95 860 tio
110 802 168 863 sibi
183 803 272 864 hunc
286 803 401 866 malitia
416 825 434 865 a
448 805 568 868 foribus
584 801 717 886 pellere.
732 837 777 854 -
796 817 828 866 v.
839 811 892 868 293
908 831 955 882 pro
967 814 999 865 li-

55 885 138 935 bromm
156 887 287 953 scriptura
305 903 375 954 qrsom
393 887 449 954 (aut
466 889 549 956 paea)
566 891 592 940 ia
608 896 708 942 mertem
721 891 789 942 uenit
802 892 871 956 quod
884 893 998 958 ineptum

53 951 165 1017 glossema
183 971 246 1006 esee
265 957 328 1008 mihi
347 959 469 1009 concedes
487 960 590 1025 reposui
609 973 679 1025 most
694 961 820 1025 recepitur
844 962 927 1026 aptius
946 958 998 1010 fcr-

53 1037 107 1079 osse
123 1043 218 1104 quom
237 1025 402 1088 considero
419 1033 472 1100 (di.
490 1033 650 1100 mimici),
668 1035 719 1085 nisi
736 1035 890 1088 munditias
909 1036 998 1101 quida

51 1114 112 1170 poeta
136 1111 266 1176 scriptum
289 1111 337 1162 luit
362 1111 430 1175 quod
452 1119 619 1176 posteaquam
643 1111 792 1177 glossemati
814 1111 851 1161 iiii
872 1113 997 1180 originem

52 1173 107 1225 dedit
124 1177 266 1246 expulsum
285 1189 330 1230 est.
351 1209 385 1218 -
403 1181 435 1231 V.
444 1177 497 1232 332
515 1182 609 1232 rectius
622 1187 686 1246 puto
701 1195 778 1244 quam
791 1189 861 1232 certo
874 1183 998 1233 scribatur

52 1243 132 1309 tirte.
146 1279 193 1296 ·-·
212 1257 248 1307 V.
264 1253 317 1309 384
334 1257 407 1308 vides
427 1272 483 1309 eam
501 1257 680 1308 correctionem
699 1269 775 1320 quam
794 1256 855 1308 olim
871 1257 996 1324 Phiiolcgi

50 1333 98 1378 tom.
108 1330 130 1380 II
141 1345 169 1398 p.
180 1329 218 1384 94
235 1347 419 1400 proposueram
437 1349 478 1384 me
497 1333 621 1384 abiecisse
638 1341 663 1383 et
682 1331 759 1383 aliam
769 1340 908 1400 temptasse
920 1349 994 1397 quam

51 1399 121 1449 nescio
148 1416 183 1451 an
205 1403 293 1468 ipsam
314 1403 403 1454 itidem
425 1403 520 1454 reicere
541 1410 567 1453 et
588 1401 655 1453 banc
679 1400 741 1452 Gau.
761 1401 926 1454 unewano
943 1417 995 1453 um.

50 1463 110 1528 plecti
129 1469 240 1522 debeam
260 1487 336 1536 qnam
355 1485 392 1524 π
409 1487 510 1538 quoque
526 1486 607 1538 nuper
626 1470 737 1522 adsensu
754 1483 807 1520 'ruo
826 1473 996 1538 comprobasti

50 1547 111 1612 Nan
131 1536 383 1638 ‘imparatae
399 1556 510 1618 stam
526 1574 576 1618 ns
594 1556 730 1616 ssse.·-
747 1561 779 1612 v.
789 1558 842 1614 uos
860 1576 910 1613 non
928 1569 996 1615 aa,

51 1637 129 1693 iecisse
145 1646 239 1697 videor
254 1647 323 1711 quod
337 1645 454 1699 Oudoura
472 1648 525 1699 mei
537 1643 712 1698 'coniecturam
732 1637 844 1701 fotltlu!
862 1639 905 1700 iul
921 1659 996 1712 repu-

51 1720 116 1775 diari.
136 1755 173 1768 —
196 1727 299 1781 vator
316 1730 531 1796 transponendum
549 1736 588 1780 ast
604 1721 687 1784 Mihi
706 1721 806 1803 quod,
826 1725 916 1781 asic
932 1729 995 1779 sori·
1047 1733 1056 1738 “

51 1801 147 1860 bendum
162 1806 418 1868 clcdtrlcosumst.
432 1839 477 1853 -
494 1814 527 1865 V.
540 1810 593 1865 tua
613 1814 698 1880 recepi
718 1815 807 1865 Intueri
825 1814 995 1864 coniecturam

52 1878 71 1927 in
86 1883 182 1944 Quaest.
202 1889 287 1940 Plaut.
306 1904 332 1956 p.
342 1888 376 1940 52
392 1892 551 1956 propositam
569 1883 730 1953 qualitatum
743 1891 770 1940 in
782 1886 823 1941 ati
832 1905 878 1956 epo
889 1889 994 1940 admisi:

52 1951 88 2001 sed
106 1970 170 2007 nunc
193 1957 309 2010 intellexi
331 1971 366 2009 'rs
389 1961 416 2008 in
433 1959 532 2028 Proieg.
551 1957 619 2008 Trin.
638 1973 665 2024 p.
677 1971 739 2010 acm
759 1959 859 2023 sq.hcc
878 1957 994 2010 biatuum

53 2029 120 2080 tenus
136 2027 191 2078 iure
205 2028 391 2079 condemnasse
404 2029 490 2092 itaqua
504 2028 571 2078 hunc
585 2041 688 2078 versum
703 2029 741 2079 sic
753 2036 892 2079 correctum
906 2026 994 2078 malim

53 2077 86 2148 lt
108 2111 164 2174 ego
191 2116 264 2158 raso
292 2099 392 2179 cipite
416 2095 520 2158 calum
541 2095 635 2157 litidie
656 2098 773 2179 capiam
792 2096 925 2179 pileum,
953 2119 995 2153 our

54 2185 192 2231 conemurae
220 2189 289 2231 certe
316 2195 367 2231 non
394 2181 544 2231 adversatur
569 2183 742 2232 testimonium
770 2179 852 2232 Servii
871 2183 898 2231 in
915 2181 993 2244 Verg.

54 2243 104 2295 len.
114 2246 168 2299 VIII
182 2245 237 2302 564
252 2250 296 2314 qui
314 2265 347 2300 cx
365 2251 488 2300 memoria
505 2257 534 2299 ut
551 2249 655 2316 adparet
672 2249 736 2300 baec
760 2249 847 2300 laudat
863 2247 931 2315 quaed
946 2249 993 2297 ati·

54 2327 97 2363 m
111 2317 151 2368 t'lle
165 2319 241 2382 faerit
256 2319 373 2383 Iuppiter
388 2328 415 2370 at
432 2335 493 2371 raso
511 2321 594 2382 capite
600 2325 698 2383 portem
704 2320 811 2382 plimon,
829 2319 898 2368 unda
908 2324 993 2367 tamen

55 2394 94 2432 non
117 2385 229 2440 dubitavi
255 2404 282 2438 v.
301 2385 353 2441 461
378 2390 452 2455 fauit
471 2390 595 2440 asciscere
611 2403 658 2454 pro
679 2388 802 2439 librorum
820 2387 993 2438 plautinorum

53 2449 126 2512 [aaa.
144 2458 236 2508 eadem
254 2458 286 2507 de
304 2473 381 2508 causa
397 2457 464 2508 Rud.
474 2454 525 2510 ‘iot
544 2458 643 2508 initium
661 2465 805 2523 corruptum
821 2471 878 2508 esse
891 2469 992 2515 censeo,

54 2526 89 2577 ubi
110 2538 151 2581 aut
175 2534 394 2609 transponendum
421 2535 521 2585 videtur
542 2525 628 2588 Tine
647 2533 720 2588 sunt
739 2527 842 2588 istite?
869 2540 912 2585 aut
935 2546 992 2582 cum

56 2605 192 2666 cinnamo
211 2617 373 2668 scribendum
390 2608 518 2671 Tilaena
532 2611 610 2671 istae
625 2611 717 2671 sonti
744 2631 897 2681 quamquam
915 2615 992 2665 etiam

56 2682 199 2744 chrauvu
226 2691 282 2744 Tria
304 2702 363 2745 aurat
379 2695 468 2745 irtaee.
494 2694 571 2746 habet
594 2709 644 2758 quo
663 2709 692 2746 se
709 2694 876 2746 commendet.
893 2717 930 2730 -
954 2691 992 2740 De

57 2753 132 2810 naui
157 2776 207 2812 non
232 2762 353 2814 invidebo
376 2764 467 2814 ceteris
489 2765 533 2827 qni
556 2762 622 2814 hanc
645 2764 780 2829 epistulam
803 2762 889 2830 legent
917 2774 991 2811 nuta

56 2828 188 2881 sententiam
205 2831 312 2883 comiter
328 2846 428 2883 mecum
446 2848 463 2883 a
479 2844 515 2882 ms
533 2833 754 2884 communicatam.
777 2832 907 2884 consultus
924 2831 992 2881 eninr

56 2889 81 2940 (10
92 2895 162 2956 fleret
179 2899 302 2952 vocabulo
322 2915 372 2964 quc
390 2901 452 2964 quid
470 2901 579 2954 iacerem
597 2902 742 2952 nesciebam
754 2908 922 2968 posteaquem
933 2914 992 2951 seu·

57 2963 121 3013 tertia
135 2966 263 3036 flagitante
281 2969 380 3020 mabit
396 2969 497 3022 restitui
513 2985 560 3036 pro
580 2986 610 3022 eo
629 2970 699 3035 quod
715 2971 742 3021 iu
755 2971 828 3022 libris
837 2977 876 3020 est
884 2969 992 3028 euram,

57 3039 86 3076 π
100 3033 156 3086 milri
173 3039 325 3104 rescripsisti
343 3052 378 3088 mr
397 3054 497 3104 quoque
515 3040 599 3106 ipsum
614 3039 666 3090 iam
681 3039 724 3090 diu
733 3039 833 3090 curabit
841 3038 991 3096 correxisse,

57 3098 94 3148 sed
114 3106 188 3156 verba
212 3122 262 3158 uno
288 3115 316 3157 ut
337 3108 393 3172 fetu
415 3111 493 3171 fieret
517 3121 570 3160 mur
597 3109 678 3159 videri
700 3110 732 3159 ab
750 3109 886 3173 interprete
904 3107 993 3158 addita

59 3161 101 3247 (ill-
122 3186 144 3227 v.
157 3171 221 3240 uid)
243 3174 388 3227 Plautinum
410 3176 600 3228 hemistichium
625 3175 754 3244 expulisse
777 3176 846 3241 quod
870 3177 920 3228 hoc
938 3176 992 3226 fere

59 3231 125 3289 iussa
139 3253 224 3308 posset
241 3243 358 3308 luppiter
373 3261 478 3298 manase
494 3261 571 3297 amas.
589 3253 643 3296 tum
656 3260 788 3296 varocum
797 3260 839 3296 me
849 3245 992 3297 monuisses

58 3315 83 3352 Μ
101 3321 184 3364 versus
206 3315 309 3376 quidam
331 3311 383 3368 489
408 3322 432 3364 et
451 3311 506 3368 490
526 3316 562 3366 ita
587 3321 616 3364 ut
633 3315 749 3366 inlibris
767 3314 855 3381 scripti
874 3320 992 3365 essenta

60 3367 130 3429 Plauto
149 3395 224 3447 posse
243 3383 373 3450 proiectos
397 3399 455 3435 esse
477 3398 578 3448 unaque
598 3384 673 3449 plura
696 3385 730 3435 ad
750 3399 794 3434 eos
812 3381 993 3450 perpoliendos

61 3453 115 3494 liu
130 3455 248 3518 temptata
265 3467 365 3504 mecum
382 3452 418 3502 ita
437 3454 651 3504 communicasses
662 3460 691 3504 ut
703 3461 797 3504 certum
808 3452 928 3503 iudicium
941 3466 993 3502 non

61 3511 229 3582 tuoloquor-ere,
259 3521 343 3572 denuo
365 3522 499 3587 pensitatis
519 3523 660 3572 rationibus
679 3536 726 3588 ego
744 3536 777 3571 ne
794 3521 871 3570 hodie
890 3520 991 3586 quidem

63 3573 139 3638 lilim
155 3591 292 3641 sententiae
310 3590 429 3642 accedere
445 3603 552 3656 possum
569 3591 612 3651 qui
630 3597 711 3640 totum
728 3601 753 3639 r.
763 3585 816 3639 489
829 3589 915 3641 eiecitr
933 3601 992 3637 nam

774 3669 819 3721 b*
