2530 3952
99 285 292 344 11659-80
377 268 513 332 inias
540 265 810 330 GLORIOSVS.
1015 259 1075 330 147

196 442 255 504 Set
268 445 374 504 eccum
392 437 562 522 egreditur.
597 438 656 502 SC.
679 438 946 521 Peripleeomenc,
969 443 1002 500 te
1022 440 1077 519 ‹ip-

567 555 657 598 seero
1024 544 1078 598 540

195 638 262 698 Per
273 636 350 699 deos
362 642 455 718 atque
465 636 608 696 homines
618 636 740 715 perque
752 633 915 696 stultititm
926 654 1024 697 meam

196 736 324 816 Perque
334 741 493 814 tuagenca
505 779 512 796 .
526 779 533 796 .
556 733 618 796 PE.
630 732 713 810 Quid
722 733 830 814 [iamli
841 734 899 797 SC.
912 735 1004 796 Meae
1015 734 1073 813 [ntl

565 833 708 893 inscitiae

194 934 239 994 Et
250 931 337 995 meae
349 931 500 995 stultitiae
510 933 662 1011 ignoscas.
687 949 769 990 nune
782 928 904 992 demiim
916 932 980 992 seio

197 1031 254 1092 Me
265 1029 362 1092 fiisse
374 1030 551 1109 excordem,
570 1031 706 1107 caecum,
715 1027 962 1108 incogitabilem:

195 1129 274 1190 Nam
284 1129 543 1191 Philocomasium
555 1146 659 1188 eccam
669 1131 763 1188 intas.
807 1127 869 1190 PE.
889 1127 1075 1208 Quidnnno,

565 1228 720 1290 fairciier?
1022 1236 1097 1290 545

197 1326 493 1390 VidIstineambas‘!
536 1325 595 1388 SC.
619 1324 703 1388 Vidi.
736 1324 799 1388 PE.
821 1327 919 1387 Erum
930 1327 1075 1388 exhibeas

565 1425 649 1489 uolo.

199 1525 258 1587 SC.
281 1525 437 1588 Meruisse
449 1544 498 1586 me
511 1523 657 1605 squidem
670 1528 840 1586 maxumum
851 1525 952 1587 fateor
963 1523 1074 1586 malum

199 1625 243 1686 Et
254 1621 323 1684 tirae
333 1623 447 1684 fecisse
458 1643 508 1685 me
519 1623 661 1706 hospitae
673 1626 720 1686 aio
732 1626 886 1688 iniairiam.

199 1722 256 1783 Set
266 1725 364 1783 meam
377 1741 446 1783 esse
459 1721 571 1797 erilem
582 1724 783 1784 concubinam
795 1725 911 1803 censui,

199 1820 280 1898 Quoi
290 1822 341 1882 me
352 1819 513 1882 cutodcm
524 1839 596 1882 erus
608 1820 728 1883 addidit
738 1821 828 1883 miles
838 1841 934 1885 mens.
1022 1833 1074 1885 550

200 1919 278 1981 Nam
290 1939 328 1982 ex
338 1921 399 1982 aino
411 1926 507 2002 puteo
519 1920 651 1982 similior
661 1925 825 2000 numquam
839 1921 922 2001 potis

199 2020 289 2100 Aqua
300 2022 388 2101 aquai
400 2021 495 2099 sumi,
518 2041 609 2100 quam
619 2022 696 2081 haee
708 2028 757 2081 est
769 2028 861 2099 atque
872 2021 932 2081 isto
942 2021 1073 2102 hospita.

200 2119 244 2181 Et
253 2121 305 2180 me
316 2119 451 2201 despexe
464 2119 503 2181 ad
513 2121 546 2191 tc
556 2139 615 2201 per
625 2117 797 2200 inplnuiaim
808 2124 893 2179 tuum

196 2217 343 2281 Fatebor.
364 2218 427 2282 PE.
450 2218 695 2297 Quidnifaiteare
707 2238 764 2297 ego
778 2216 860 2298 quod
871 2217 1024 2278 uiderim?

199 2317 259 2380 SC.
287 2318 330 2380 Et
347 2319 393 2378 ibi
411 2317 620 2379 airseulantem
638 2317 700 2395 [me
721 2314 794 2398 aput
810 2323 843 2377 te
859 2317 938 2377 hanc
959 2315 1075 2377 uidisse

570 2416 747 2498 hospitaml.
1023 2424 1075 2476 555

196 2515 260 2577 PE.
272 2514 410 2578 Vidisti?
432 2517 490 2579 Sc.
503 2516 595 2580 Vidi:
614 2518 693 2596 quor
703 2534 815 2596 negem
827 2513 910 2597 quod
920 2513 1076 2576 uiderim?

200 2613 257 2674 Set
267 2613 526 2677 Philocomasium
537 2618 588 2677 me
598 2615 715 2678 uidisse
729 2617 843 2679 censui.

201 2712 263 2776 PE.
284 2713 431 2775 Ratri’anc
453 2733 522 2777 ease
544 2717 701 2777 hominem
724 2734 773 2777 me
796 2715 929 2777 omnium
950 2717 1077 2776 minumi

569 2816 664 2897 preti,
805 2823 807 2828 '

203 2911 236 2972 Si
248 2930 305 2991 ego
315 2913 366 2972 me
378 2914 496 2975 sciente
507 2917 635 2995 pitercr
645 2914 748 2974 uicino
759 2933 828 2975 mco

1 3019 3 3038 ³
136 3024 140 3028 ·
199 3009 276 3072 Eam
285 3009 359 3071 fieri
369 3017 443 3092 aput
453 3032 502 3074 me
514 3019 576 3074 tam
588 3014 734 3092 insignite
745 3014 909 3074 iniairiom?
1024 3021 1076 3076 560

200 3109 259 3173 SC.
281 3109 369 3171 Nunc
384 3110 507 3174 demum
525 3133 542 3173 a
558 3131 608 3173 me
625 3113 809 3193 insipienter
820 3113 935 3174 iactum
945 3132 1015 3176 esse
1028 3117 1077 3173 tr-

569 3212 681 3289 bitror,

204 3308 303 3385 anm
314 3308 382 3367 rem
394 3325 557 3387 cognosco.
582 3311 686 3368 atnon
697 3307 850 3369 malitiose
860 3314 965 3369 tamen

200 3407 286 3470 Feci.
319 3405 381 3468 PE.
404 3389 499 3466 immo
520 3406 666 3486 indigne:
687 3411 758 3468 nim
777 3407 932 3470 hominem
954 3409 1076 3468 aernom

576 3527 646 3567 auos

813 3605 871 3668 10*
