2530 3952
172 245 214 312 68

535 239 767 306 ΗΗΉ
969 252 1124 308 aas-41
1199 247 1205 256 '

258 417 362 480 Semtl
374 417 516 496 mgiunai
527 421 555 478 si
565 414 667 476 datast
678 415 809 493 ocatsia,

254 517 336 578 Satis
350 519 413 578 ast:
430 515 597 598 postillam
607 515 773 594 nimquam
782 513 882 594 possis
894 510 1062 594 prindere.

173 662 201 678 ..
255 615 320 678 Lo,
345 616 459 678 ‘mats
470 615 613 696 profecta
624 612 719 674 liberi
728 611 886 673 lubentius

257 714 366 774 Sumus
389 718 479 794 quim
500 714 662 774 seruimus.
715 711 782 772 HE.
805 711 873 772 Ndn
895 710 1005 772 uidere
1026 712 1070 770 ita
1090 710 1127 770 tia

622 809 757 892 quidem.
1073 817 1126 874 120

256 911 320 975 Lo.
354 914 387 974 Si
408 917 469 973 ntn
487 918 536 973 est
554 911 637 992 qaod
657 910 743 990 dem,
765 913 855 971 mtae
872 911 920 970 uis
932 908 1002 971 dem
1013 911 1080 992 ipse
1093 913 1126 968 tn

621 1008 743 1090 pedes?

256 1110 324 1172 HE.
348 1109 383 1170 Si
395 1105 538 1187 de'deria,
551 1109 613 1169 erit
624 1106 780 1188 extimplo
793 1109 868 1169 mihi
881 1105 964 1187 quod
974 1106 1045 1167 dam
1056 1107 1124 1168 tibi.

254 1208 318 1272 Lo.
342 1211 418 1270 Auis
427 1210 476 1269 mt
483 1209 571 1268 ferae
582 1207 898 1284 coasimssemfaaiam‚
910 1214 945 1266 ut
952 1203 1122 1287 pratdicas.

255 1309 323 1371 HE.
345 1310 391 1370 lta
401 1314 436 1368 ut
447 1305 540 1368 dicis:
556 1326 626 1366 nam
637 1309 664 1369 si
674 1308 768 1385 fixis,
785 1313 818 1366 te
829 1307 861 1364 in
873 1311 997 1384 cauetm
1008 1303 1096 1364 dabo.

256 1407 312 1467 Set
323 1409 398 1467 sttis
409 1406 622 1467 uerborumst:
635 1409 709 1466 caira
721 1423 799 1487 quaa
810 1406 885 1464 iussi
895 1408 988 1484 itque
1000 1404 1059 1465 abi.
1073 1412 1124 1464 125

254 1505 322 1584 Ego
335 1507 385 1565 ibo
398 1503 437 1564 ad
445 1505 576 1564 fratrem
587 1503 626 1564 ad
636 1503 713 1564 ilios
725 1505 862 1584 captiuas
874 1521 976 1561 meos:

254 1603 360 1666 Vistm
371 1621 410 1662 ne
422 1609 514 1662 nocte
526 1603 584 1663 hac
596 1604 732 1683 quipiam
742 1603 948 1662 turbtuerint.

254 1701 330 1764 Inde
342 1705 392 1762 mat
403 1703 549 1762 continua
561 1703 710 1782 rtcipiam
722 1704 827 1761 sasaim
839 1700 970 1762 domum.

252 1801 317 1864 Ell.
339 1801 527 1880 Aegrtstmi
547 1801 1122 1880 huncfacerequasstmcarceraiam

255 1900 391 1980 Prapttr
405 1901 453 1960 sui
464 1901 548 1978 gnati
559 1901 716 1960 miseriam
726 1903 873 1962 miserim
883 1920 1000 1963 senem.
1074 1910 1123 1968 13(1

174 2007 176 2014 “
257 1999 313 2058 Set
324 1999 351 2059 si
362 1996 425 2058 illo
435 2004 527 2078 pacto
538 1995 592 2058 ille
602 1999 664 2059 haic
675 2000 835 2061 conciliari
844 2007 959 2082 potest,

254 2096 316 2158 Vel
326 2097 543 2158 strnuficinam
552 2098 635 2158 hanc
646 2099 751 2160 ficere
761 2119 886 2180 passum
897 2103 1032 2183 ptrpeti.

254 2195 323 2258 HE.
346 2195 406 2271 Qui
417 2195 468 2254 hic
478 2194 639 2275 liquitur?
679 2198 744 2261 Ell.
765 2199 844 2282 Ego,
856 2204 908 2282 qui
919 2200 971 2262 talo
982 2219 1122 2263 maerore

619 2298 770 2377 maceror,

254 2392 418 2472 Matisco,
437 2397 626 2456 consentsco
639 2402 672 2456 et
682 2399 808 2459 tabesai
823 2400 926 2460 miser.

257 2492 335 2552 Ossa
346 2497 438 2573 aitque
450 2491 544 2574 pellis
556 2497 623 2555 ssim
634 2497 729 2557 miser
740 2496 944 2577 aegrititline.
1072 2505 1120 2558 135

253 2590 362 2671 Neque
375 2593 517 2672 {amquam
529 2595 691 2675 quicquam
701 2599 752 2657 mt
762 2599 847 2657 iuuat
859 2594 941 2675 quod
952 2594 1011 2656 eda
1024 2594 1121 2656 domi:

254 2690 347 2752 Eoris
358 2689 584 2771 aliquantillum
597 2696 690 2756 ttiam
701 2693 785 2775 quod
795 2700 883 2773 gusto
896 2691 927 2753 td
939 2695 1019 2757 beat.

253 2791 321 2852 HE.
338 2789 492 2871 Ergasile,
503 2792 599 2854 salue.
630 2793 694 2857 ER.
713 2795 793 2853 Dite
800 2795 881 2853 bene
891 2800 1003 2873 ament,
1010 2794 1119 2873 Htgio.

254 2890 322 2952 HE.
344 2889 391 2951 Ne
402 2891 453 2953 aa.
487 2891 552 2955 ER.
576 2891 684 2971 Egone
694 2891 784 2954 illum
795 2895 858 2951 ntn
868 2892 1049 2972 fleam‘tego
1060 2911 1119 2952 nan

624 2991 754 3052 difleam

258 3085 369 3149 Talem
380 3087 634 3151 tlalescentem?
667 3090 734 3152 HE.
755 3085 1059 3172 Simpersensifflia
1071 3095 1120 3149 lla

252 3187 327 3249 Meo
338 3188 371 3248 ts
381 3207 450 3249 esso
462 3191 590 3250 amicum
602 3195 634 3249 et
645 3187 731 3248 illum
741 3186 884 3249 intellexi
893 3190 960 3249 tibi.

253 3285 318 3348 ER
332 3285 553 3367 Tumdtnique
559 3287 699 3347 homines
705 3286 1025 3368 ndstraintellegimsis
1031 3287 1119 3366 bona,

255 3386 355 3462 Quom
367 3403 444 3464 quae
456 3388 488 3444 in
497 3391 654 3465 potestate
666 3387 828 3448 htbuimus
841 3405 877 3447 ea
888 3387 1052 3449 amisimus.

252 3482 337 3562 Ego,
353 3486 517 3564 ptstquam
529 3490 637 3562 gnatus
649 3488 720 3548 tius
731 3491 863 3570 potitust
872 3489 1016 3560 mistiam,

1239 3325 1245 3552 l

1231 3695 1243 3911 l
