2482 3936
234 240 257 291 X
308 239 311 244 ’
558 237 715 290 EPISTVLA
734 237 860 290 camon

235 395 311 444 serui.
331 394 435 444 extritus
453 390 553 442 vocales
570 393 685 444 invenies
700 393 726 443 in
744 393 880 458 conquwor
901 391 995 459 Amph.
1006 389 1040 444 65
1056 399 1081 442 et
1093 388 1129 443 82
1142 407 1199 458 pro

234 463 396 529 cooperator,
414 463 441 512 in
457 461 558 526 feretra
575 460 626 512 Mil.
634 458 687 514 379
703 469 728 512 et
741 461 808 512 Rud.
819 459 854 513 88
872 476 919 528 pro
933 463 1063 527 semetra,
1082 461 1108 510 in
1122 463 1200 512 atros·

233 529 365 584 11111990
381 545 428 597 pro
445 531 538 592 amtor,
556 531 584 582 in
597 545 685 582 soreres
693 531 761 584 itud.
771 528 840 584 1314
852 539 876 582 et
887 545 984 584 aoruca
993 529 1065 595 Gapt.
1077 525 1130 582 710
1138 544 1198 595 pro

233 615 335 652 seorsus
353 607 378 650 et
394 613 505 650 sacrator
522 589 604 665 (unic
620 601 705 652 nescio
720 615 752 650 an
766 600 860 666 Amph.
872 597 941 654 1108
953 607 978 650 et
990 598 1057 652 Rud.
1069 594 1120 650 179
1130 600 1200 649 dor·-

233 685 285 720 sum
293 683 339 735 pro
350 670 464 720 deorumn
472 667 717 733 restituendumsit).
729 670 848 735 aspiratio
857 676 901 719 aut
909 667 1094 734 interaspiratio
1102 667 1201 718 addita

234 748 272 789 est
286 738 357 790 holus
366 745 391 788 et
402 738 494 790 holitor
507 744 534 791 ct
540 737 656 789 1111111πά1
670 737 773 804 (Bacch.
784 737 817 790 bl
827 753 878 789 non
888 738 975 788 dubito
986 738 1047 801 quin
1057 748 1093 788 nn
1103 737 1200 802 ipsum

232 808 360 873 paeniteat
367 815 468 872 spretae
478 807 511 858 V.
521 805 548 856 0.
560 807 723 869 auctoritatis,
739 809 772 858 ci.
784 807 861 862 Stich.
866 803 918 858 289
926 801 979 859 347
987 803 1112 858 acatii
1122 801 1201 872 294)

232 883 258 926 et
270 875 413 927 carmarias
427 877 547 936 vocibus,
567 877 670 942 dempta
681 892 740 932 erus
752 885 776 928 et
787 877 911 930 elleborus
922 883 947 927 et
957 889 1072 939 erumpes
1085 881 1109 925 et
1120 877 1200 925 orio-

232 947 272 996 lua
290 952 314 995 et
331 952 371 996 tus
388 946 534 996 nominibus
545 954 570 996 et
579 960 632 1009 pro
645 947 820 998 exclamationi
834 945 975 1012 (demenda
985 945 1013 995 ni
1025 942 1099 994 iallor
1112 945 1201 994 etiam

232 1014 265 1067 etl
283 1022 307 1063 et
324 1014 355 1064 alr
373 1021 398 1064 et
414 1015 464 1064 uolt
482 1014 735 1082 exclamationibus):
763 1031 814 1066 non
829 1017 897 1066 iusto
915 1015 971 1066 loco
989 1013 1200 1078 interaspiratio-

231 1097 290 1133 nem
313 1083 433 1134 insertam
457 1097 513 1134 esse
535 1081 692 1150 empnam
709 1093 734 1136 et
757 1081 886 1137 11111132
908 1084 936 1134 in
956 1082 1096 1134 inchoatam
1112 1097 1200 1132 voca-

232 1163 291 1214 bulo
310 1177 367 1212 sero
386 1163 499 1216 intellexi
515 1165 585 1228 quod
601 1155 775 1216 incohatam
792 1164 952 1215 scribendum
965 1177 1023 1214 esse
1036 1169 1095 1228 post
1104 1160 1200 1213 Wac-

230 1249 297 1288 naar
315 1237 511 1302 disputationem
527 1241 554 1290 in
570 1237 687 1304 Orthogr.
696 1239 795 1306 Vergil.
813 1237 901 1305 p.440
918 1245 943 1288 et
959 1236 1064 1289 Ossrtrvr
1081 1237 1200 1286 adnota-

229 1307 324 1356 tionem
337 1307 370 1356 ad
383 1306 434 1358 Cic.
449 1307 481 1357 de
491 1322 519 1358 re
530 1323 557 1374 p.
567 1323 593 1374 p.
605 1305 655 1358 111
671 1321 711 1372 sq.
729 1315 823 1359 certum
838 1308 950 1368 videtur,
967 1307 1117 1374 praesertim
1130 1320 1200 1358 cum

229 1375 256 1424 in
272 1374 365 1442 Amph.
378 1392 454 1427 versu
469 1373 502 1426 V.
521 1377 548 1430 0.
567 1379 689 1427 incoctam
708 1377 833 1430 exhibeat.
851 1383 880 1427 ut
898 1377 931 1427 ud
950 1381 1117 1426 consonantes
1127 1389 1199 1440 pro-

230 1443 344 1509 gradiar,
364 1451 421 1494 ants
437 1459 452 1496 s
470 1453 494 1495 et
510 1453 521 1496 1
536 1459 663 1510 nusquam
679 1445 786 1497 toleravi
803 1446 817 1495 b
836 1447 883 1496 ssd
898 1445 993 1508 ubique
1007 1459 1026 1507 p
1042 1445 1133 1494 reduxi
1144 1459 1195 1496 ve·

229 1513 266 1561 lut
281 1513 307 1562 in
324 1527 372 1575 aps
390 1529 476 1578 apsam
493 1516 597 1578 opsoluo
614 1513 724 1577 apscede
741 1515 835 1577 apstuli
852 1515 965 1577 opsaceo
977 1527 1082 1576 opsecro
1095 1527 1199 1576 apsaro

229 1595 353 1646 opsequor
377 1596 485 1645 opseruo
511 1585 614 1648 rpeiam
637 1583 730 1645 opsisto
752 1583 877 1646 opsonium
897 1582 1031 1645 opstrr'ctus
1046 1596 1198 1646 supsequor

228 1651 340 1712 supsulto
357 1664 434 1714 arpa,
451 1657 592 1714 optempero
609 1657 722 1714 optestor
734 1653 832 1716 <attineo
847 1653 934 1717 optigit
949 1657 1052 1714 optusus
1065 1657 1197 1714 cpbunco

228 1719 378 1782 supterdcco
399 1720 570 1786 supterfugio,
595 1726 620 1770 et
640 1734 741 1786 semper
763 1721 854 1786 scripsi
868 1721 985 1784 prrplr'cue
1001 1727 1026 1770 et
1040 1720 1203 1784 publicitus,

227 1787 288 1837 item
305 1796 345 1838 set
361 1796 423 1852 aput
437 1789 567 1840 1111111111
584 1789 660 1840 aliut:
677 1797 764 1840 contra
779 1789 920 1841 molliorem
937 1803 995 1840 cum
1007 1789 1108 1840 duriore
1121 1803 1197 1841 sono

227 1864 325 1906 mutare
343 1859 412 1920 qnod
427 1857 548 1910 librorum
564 1859 699 1911 aumonius
715 1858 769 1910 iere
786 1859 905 1924 exigebat
920 1873 971 1908 non
988 1872 1066 1908 arrsns
1084 1871 1142 1908 sum
1165 1861 1198 1911 in

227 1927 264 1975 cd
286 1927 316 1976 at
336 1929 396 1992 quid
420 1929 488 1994 quod
509 1942 573 1992 quas
595 1929 732 1994 scripturas
753 1934 856 1994 propter
873 1942 948 1978 rusum
966 1927 1089 1980 caihaco
1106 1927 1197 1980 editio

227 1995 353 2045 destinata
377 2003 415 2046 est
434 1990 539 2064 ‘populo
561 1997 688 2058 concessi,
715 1997 847 2050 scientiam
868 1997 931 2048 mihi
953 1985 1100 2047 reservavi:
1125 1989 1210 2049 bau?

227 2063 288 2112 dedi
311 2071 369 2114 ante
392 2065 495 2118 vocales
519 2074 544 2119 et
565 2067 582 2117 lt
604 2066 703 2118 literam
721 2073 746 2118 et
763 2075 930 2118 consonantes
948 2065 1101 2131 gutturales,
1125 2074 1198 2118 ante

225 2131 331 2213 labialps
350 2141 374 2184 et
392 2135 505 2187 (lentules
521 2137 617 2202 ubique
633 2137 684 2188 iou
702 2135 802 2204 (itaque
820 2137 897 2187 etiam
911 2135 1013 2186 launoio
1030 2140 1054 2184 et
1066 2133 1117 2183 hoc'
1127 2137 1196 2198 qui-

227 2202 284 2252 dem
301 2193 351 2266 cp'
366 2195 399 2254 iv
411 2213 447 2256 ut
467 2206 579 2271 nendo),
602 2207 634 2258 (le
650 2221 701 2271 qno
719 2206 863 2258 discmmine
881 2203 1014 2256 artificiose
1032 2204 1195 2269 investIgato

226 2271 287 2323 alibi
309 2273 375 2324 dixit
398 2287 446 2340 pro
469 2277 602 2342 quactriduo
623 2275 696 2328 Asin.
705 2275 750 2326 illi
768 2274 783 2325 1
802 2270 836 2325 19
855 2291 886 2326 ex
904 2274 937 2326 V.
956 2272 983 2322 0.
1009 2272 1099 2337 scripsi
1122 2289 1196 2338 qua-

226 2342 318 2392 driduo
343 2357 409 2405 quae
432 2346 556 2410 scriptura
577 2345 669 2395 rationi
687 2345 742 2392 sola
760 2345 912 2394 conveniens
928 2342 1023 2403 ubique
1041 2344 1196 2394 revocanda

225 2417 264 2460 est
280 2408 327 2474 (ci.
344 2411 484 2463 Tancnnnr
499 2411 581 2478 praei.
602 2411 652 2462 (lic⁸
669 2411 743 2461 Tuae.
757 2409 874 2476 p.xxn):
893 2409 957 2460 illud
967 2415 1053 2458 autem
1064 2424 1105 2458 me
1117 2425 1196 2464 nuno

224 2478 337 2543 paenitet
364 2480 433 2542 quod
457 2481 524 2532 Trin.
545 2477 614 2534 1016
640 2491 676 2530 rsa
702 2485 840 2544 praeeunte
864 2493 921 2529 cum
946 2477 1016 2528 libris
1043 2479 1197 2544 gurguliost

225 2558 316 2623 scripsi
332 2573 378 2624 pro
398 2547 584 2628 curculiost,
605 2559 649 2610 illa
665 2560 732 2610 enim
750 2559 874 2609 recentior
889 2565 928 2608 est
941 2557 1024 2608 forma
1038 2560 1108 2626 apud
1120 2559 1194 2612 Ver-

225 2633 314 2698 gilium
332 2647 433 2696 quoquc
451 2633 564 2700 Georgi
582 2629 633 2686 186
650 2635 676 2684 in
693 2633 779 2684 multis
797 2633 868 2684 libris
886 2639 975 2684 extans
993 2635 1039 2684 scd
1056 2650 1139 2697 neque
1162 2639 1195 2688 in

224 2701 339 2752 Romano
366 2718 448 2766 neque
469 2704 497 2754 in
521 2703 648 2763 Medicas,
671 2702 735 2754 baec
754 2703 877 2754 Varronis
899 2703 1048 2754 auctoritato
1071 2703 1195 2757 stabilita

224 2771 294 2835 apud
319 2769 433 2822 Servium
453 2773 480 2822 in
504 2787 607 2823 versum
629 2772 700 2822 illum
717 2771 904 2839 Vergilianum,
930 2786 980 2836 qno
998 2772 1095 2823 accedit
1114 2776 1194 2836 quod

223 2836 370 2890 1111113211
387 2847 493 2905 uterque
504 2841 569 2893 liber
579 2841 707 2892 Palatinus
719 2849 803 2892 tuetur
814 2841 1024 2903 errrmrlirotculos,
1042 2847 1071 2890 ut
1083 2847 1193 2894 taceam

223 2922 316 2958 nomen
338 2909 494 2961 Curculioris
514 2912 541 2962 in
562 2910 650 2962 fabula
670 2913 830 2978 cognomine.
856 2911 997 2977 geminatas
1014 2919 1192 2963 consonantes

224 2989 260 3026 nn
279 2977 344 3027 duce
360 2980 467 3044 probavi
485 2981 511 3030 in
527 2981 652 3031 macrim
669 2980 709 3046 (at
726 2980 840 3045 mades)
860 2980 951 3045 suurltit
968 2980 1092 3038 mustella,
1121 2980 1192 3032 item

223 3045 249 3094 in
266 3060 345 3096 assam
363 3055 388 3096 et
405 3063 537 3101 comessor
551 3056 575 3099 et
589 3050 686 3101 essurio
695 3065 752 3102 cum
762 3050 887 3103 similibus
896 3047 951 3116 (me
960 3048 1038 3100 invito
1050 3046 1121 3112 capt.
1130 3043 1191 3102 912

223 3115 348 3176 esuriens,
373 3117 435 3171 ibid.
447 3115 500 3171 468
518 3121 635 3170 animalis
657 3119 771 3171 relictum
796 3115 899 3185 cst)*):
924 3123 1057 3184 praeterea
1080 3130 1191 3182 semper

184 3337 186 3346 ,
275 3299 299 3350 *i
319 3297 362 3341 buc
381 3300 479 3354 pertinet
500 3301 566 3342 etiam
587 3301 647 3354 quod
666 3313 725 3344 nunc
742 3302 844 3344 intellexi
866 3302 977 3354 scriptura
996 3299 1103 3341 librorum
1121 3309 1190 3342 remae

221 3352 319 3395 1111101
333 3364 375 3406 pro
390 3355 438 3396 uisa
452 3357 475 3396 et
486 3355 626 3398 ambrosiani
640 3357 802 3398 ossurna'l'rln.
813 3355 862 3407 181,
877 3355 955 3398 eodem
966 3353 1091 3406 scripturae
1103 3363 1188 3396 cassus

221 3411 243 3448 at
262 3407 399 3450 mulcerem
418 3409 477 3462 apul
493 3409 622 3455 Quinctil!
643 3413 655 3451 7
676 3411 716 3461 no,
737 3411 855 3464 inquibus
875 3409 977 3451 omnibus
995 3409 1054 3450 sient
1069 3409 1092 3448 in
1108 3418 1188 3450 aarum

220 3465 259 3504 aut
272 3467 281 3504 1
295 3464 333 3502 ant
347 3461 441 3505 «littera
455 3465 490 3506 est
504 3475 562 3518 quae
576 3469 601 3507 nt
615 3466 699 3507 extrita
717 3466 901 3518 compensaretur
914 3463 1006 3505 videtur
1020 3473 1031 3502 s
1045 3461 1187 3514 geminatum

220 3525 279 3558 esse.
