2556 3934
150 193 333 254 ιιιι-ιοι
460 177 849 248 uncinulis
1086 190 1108 254 9

274 355 362 416 Nunc
373 355 470 416 nerim
479 355 512 416 in
523 372 619 434 psum
632 353 789 416 cdnierem
801 355 875 436 quid
886 359 919 418 te
931 357 1033 420 uelim.

275 453 393 530 Viginti
404 454 464 514 ium
474 458 562 514 usust
572 449 642 514 {ssiu
655 456 776 531 urgenti
786 455 892 516 minis:

273 552 356 613 Fece
375 551 408 612 id
424 553 458 611 rit
468 557 608 633 peretum
620 552 680 610 idm
692 552 741 613 sit.
773 551 821 613 Li.
843 553 935 616 Vnde
946 557 1106 634 gentium?

272 650 335 711 DE.
358 651 413 712 Me
426 649 618 714 defraudato.
639 649 687 714 LI.
704 651 863 715 Mnumn·
872 659 967 734 nugis
979 658 1059 736 egis:
1071 665 1102 720 91

271 746 360 810 Nudd
373 747 541 812 detrahere
552 750 738 811 uestimenta
748 751 798 811 me
808 752 906 814 iubes.

272 847 456 928 {Defrudern
472 855 505 910 te
523 850 604 928 egoi
625 868 682 930 ege
694 851 747 927 sis,
764 855 798 912 tu
809 851 877 912 sine
888 855 998 932 pennis
1010 853 1104 935 nolu]

272 949 362 1010 Tene
375 951 433 1030 ego
446 949 638 1028 defraudem,
656 953 729 1029 quoi
739 951 800 1031 ipsi
810 949 889 1012 nihil
902 957 993 1013 estin
1003 973 1103 1032 menn,

269 1050 336 1112 Nisi
348 1049 424 1130 quid
438 1056 472 1110 tu
484 1070 579 1130 porro
594 1053 720 1112 mtrem
732 1048 990 1112 deirsudineris?
1068 1061 1103 1116 95

272 1148 336 1210 DE.
355 1149 557 1229 Quumque
568 1151 947 1227 uxerem,qudtnserucm
955 1149 1101 1214 Sauream

273 1247 369 1325 Petis,
383 1246 589 1326 circumduce,
601 1248 704 1309 adfer:
724 1248 873 1328 promittd
885 1249 943 1308 tibi

268 1345 337 1405 Non
350 1347 517 1410 diruturum
529 1345 612 1426 [meh
625 1348 651 1408 si
661 1345 695 1406 id
705 1345 800 1407 hodie
811 1347 973 1408 ecieceris.

205 1491 213 1500 .
270 1443 317 1506 LI.
340 1444 449 1509 lubeds
460 1465 521 1508 uns
532 1465 627 1528 opere
638 1449 688 1508 md
698 1445 811 1527 piscsri
822 1447 855 1506 in
865 1450 938 1506 tere

270 1541 334 1622 [Et]
347 1547 455 1608 ntneri
470 1552 572 1610 autern
583 1544 717 1608 reticulo
726 1548 760 1607 in
771 1545 873 1608 medid
884 1549 970 1610 muri.
1052 1559 1101 1612 100

267 1645 331 1710 DE.
355 1646 429 1708 Tibi
440 1649 598 1729 cptionem
609 1650 720 1710 sumito
732 1647 917 1711 Lednidsm:

159 1751 167 1764 '
201 1739 203 1743 ’
266 1743 435 1806 Febricdre
447 1747 579 1826 quiduis,
592 1747 713 1828 quiduis
726 1749 963 1808 conminiscere:

267 1845 418 1907 Periicito
433 1847 489 1926 {id}
503 1854 663 1928 argentum
674 1847 767 1909 hddie
779 1855 814 1910 ut
824 1849 937 1908 habeut
947 1848 1044 1928 filius,

267 1945 391 2004 Amicae
403 1945 486 2024 quod
498 1945 561 2022 det.
593 1946 641 2006 LI.
665 1945 745 2022 Quid
760 1947 803 2007 nis
815 1953 859 2024 tu,
872 1947 1085 2009 Demaenete?

267 2041 360 2120 [Quid
374 2044 400 2104 si
412 2044 496 2103 forte
507 2046 540 2104 in
550 2044 678 2105 insidias
691 2045 885 2125 deuenero‘il
1048 2057 1097 2110 105

266 2142 336 2202 Tun
347 2142 483 2204 redimes
494 2163 554 2222 me,
567 2146 593 2206 si
604 2164 653 2204 me
664 2146 771 2206 hdstes
781 2147 1031 2225 interceperint?

263 2241 326 2302 DE.
356 2241 524 2304 Redimtm.
562 2243 609 2304 LI.
641 2243 719 2304 Turn
748 2249 783 2303 tu
809 2244 903 2321 igitur
925 2243 1001 2304 dliut
1024 2264 1096 2304 curu

593 2341 782 2422 quddlubet.

262 2439 326 2502 DE.
349 2441 416 2521 Ego
434 2461 471 2502 ec
490 2441 526 2504 id
538 2443 650 2519 forum,
663 2443 723 2501 nisi
737 2438 878 2520 quiduis.
910 2439 957 2501 Li.
979 2441 1002 2519 i,
1014 2442 1095 2502 bene

589 2538 718 2610 dmbulu.

262 2637 326 2699 DE.
350 2639 453 2718 Atque
466 2639 684 2702 midinetium?
712 2639 760 2700 LI.
783 2623 874 2700 Ecce.
903 2638 966 2699 Du.
985 2637 1095 2717 Siquid

589 2739 743 2817 tendum,

260 2836 322 2896 Vbi
342 2839 427 2898 eris?
465 2839 512 2900 LI.
536 2841 755 2918 Vbiquomque
771 2837 903 2900 libitum
915 2839 976 2898 erit
993 2837 1092 2896 unimd

585 2957 664 2998 mco.
1042 2943 1093 2997 110

259 3032 406 3094 Proiecto
423 3043 545 3096 nemost
561 3036 651 3115 quem
668 3036 728 3096 ism
740 3034 853 3095 dehinc
864 3039 997 3094 metntm
1006 3034 1092 3112 mihi,

259 3129 384 3210 Nequid
393 3152 508 3194 nocere
519 3135 628 3215 pdssit,
644 3153 734 3213 quom
746 3140 781 3194 tu
792 3134 867 3193 mihi
877 3139 931 3192 tus

260 3231 409 3293 Ortticne
420 3254 541 3297 omnem
553 3237 686 3296 dnimum
697 3233 862 3294 ostendisti
871 3240 966 3294 tumn.

260 3331 341 3408 Quin
364 3335 397 3393 te
420 3353 542 3414 qnoque
559 3336 660 3414 ipsum
678 3335 759 3394 ficio
777 3334 836 3393 hun
854 3333 964 3409 magni⁷
988 3332 1015 3392 si
1032 3331 1090 3390 iude

586 3440 685 3514 petro.
