2482 3936
357 247 402 298 AD
417 245 499 298 ram.
518 245 740 300 muscfluutvll.
972 247 1030 304 xxi

81 398 185 467 trigidius
200 401 347 467 excogitati
360 408 445 467 potest
458 401 501 452 llln
512 403 638 454 sententis
646 410 671 453 et
680 402 723 453 illo
733 402 836 466 quidam
845 401 920 454 locui
939 401 1030 454 deinde

80 468 161 548 nummi
175 468 310 521 clamitant
323 469 392 550 leuno
405 485 507 522 versum
522 485 574 522 non
587 470 768 523 eosePlautine
777 478 831 523 arte
846 470 1029 537 compositum:

80 539 385 659 liiiioffiffl‘
393 553 462 660 vll*
477 541 567 660 lili
578 537 1030 675 (Pil¹iln³.li⁹iddi¹>'¹l¹dllf

79 666 152 724 niait':
175 621 305 728 aecusatus
328 684 414 728 autem
431 683 470 728 eet
487 677 529 729 hio
549 625 665 730 misellus
682 677 821 730 versiculus
839 693 871 730 ex
888 677 926 728 eis
943 679 1028 730 verbis

76 758 130 807 quae
144 743 212 797 Rud.
225 744 281 798 15⁵
302 746 434 813 aptissime
451 745 571 814 leguntur
588 755 613 800 et
630 748 757 800 locutione
773 748 800 798 ln
817 746 858 800 his
870 745 963 799 labulis
978 747 1027 798 usl-

75 820 197 872 tatiesima.
217 849 256 862 -
284 823 317 874 V.
332 819 365 875 71
389 826 606 890 transponendum
623 830 662 876 est
683 815 797 878 (lictum
820 813 963 898 spsurtle.
985 849 1029 864 -

75 895 161 950 1208
177 914 218 964 sq.
237 899 422 952 Hannonem
441 900 534 967 (Elem.
553 902 633 953 doctr.
652 909 725 952 metr.
737 915 764 968 p.
774 895 841 967 llo)
858 908 961 952 secutus
978 899 1028 952 nisi

73 968 133 1030 quod
143 981 229 1033 peuce
246 969 379 1033 quaedam
392 969 489 1021 mutavi
504 970 569 1021 duos
582 969 723 1022 trochaioos
736 969 879 1020 octonarios
890 969 962 1021 dedi:
981 969 1028 1020 sed

74 1036 147 1087 nescio
158 1051 191 1087 an
200 1037 301 1090 limam
309 1039 397 1104 potius
407 1039 634 1105 obtemperandum
643 1036 772 1103 lectitat.
779 1039 848 1090 idem
856 1038 1027 1090 Hammo

74 1103 198 1156 demetria
217 1115 291 1172 poet.
310 1106 352 1158 Gr.
366 1115 391 1158 et
406 1108 480 1159 Rom.
498 1123 528 1180 ιι.ι
538 1104 603 1174 127)
621 1109 665 1173 qul
681 1109 708 1158 in
726 1115 844 1172 quattuor
859 1123 950 1160 versus
966 1121 1026 1160 ans·
1092 1135 1095 1142 »

73 1174 189 1238 pacatiano
208 1190 257 1227 eos
277 1176 411 1239 diviseret,
430 1178 480 1229 nial
494 1178 565 1241 quod
578 1177 660 1245 primo
676 1192 764 1238 versu,
783 1185 811 1228 ut
824 1178 867 1228 lex
882 1177 927 1230 tile
941 1185 1027 1228 teuse-

73 1249 105 1291 tnr
125 1243 157 1293 de
182 1245 328 1297 variatione
345 1254 463 1298 accentus
480 1247 596 1298 eiusdem
614 1248 706 1298 iterum
721 1246 801 1312 positi
817 1247 934 1300 vocabuli
951 1261 1028 1312 qnam

72 1308 255 1365 mennam
273 1315 301 1366 ln
316 1315 446 1382 Ptopertio
463 1330 511 1368 suo
526 1331 553 1382 p.
565 1314 614 1368 lll
625 1309 680 1380 ¹sqq.
693 1314 896 1366 etllrmnrvs
906 1315 1027 1382 Opaonn

73 1377 151 1444 ltifld
169 1396 229 1446 sqq.
250 1382 464 1449 explanaverunt,
484 1400 561 1448 qnam
580 1386 683 1449 quidem
701 1385 784 1450 legem
803 1385 829 1433 in
847 1385 964 1435 omuibus
982 1397 1026 1432 vo-

73 1449 159 1500 chum
177 1449 395 1521 hyperdiapllabis
413 1455 527 1521 exceptio
544 1455 603 1505 nnio
621 1453 802 1520 amphimacris
820 1453 907 1516 eisque
927 1451 1028 1518 longio-

72 1517 133 1568 ribus
159 1535 273 1583 quorum
292 1533 347 1573 'una
371 1523 473 1574 omnino
496 1523 623 1575 voculatio
643 1529 683 1574 'est
700 1521 892 1589 religiosissime
911 1537 927 1573 a
943 1519 1027 1587 poetis

73 1589 170 1638 scenicis
192 1593 357 1644 observatam
380 1606 439 1643 esee
461 1593 647 1653 contenderim,
671 1590 749 1642 huius
766 1591 845 1658 igliur
862 1591 928 1657 legis
945 1590 1027 1657 gratia

73 1655 198 1721 holcoma
214 1663 284 1713 noc?
307 1659 491 1713 conlocandum
509 1670 549 1713 est
565 1676 611 1728 pro
629 1662 752 1713 librorum
769 1659 824 1712 Nor
836 1659 979 1726 Marma?
1002 1666 1027 1709 et

74 1726 134 1786 quod
149 1727 243 1781 altimo
264 1745 339 1782 versu
356 1731 444 1796 ntique
461 1730 553 1782 vocula
570 1731 689 1782 addenda
706 1737 761 1792 eet,
780 1730 841 1794 quia
854 1731 954 1782 occasio
969 1735 1027 1780 ante

75 1791 126 1844 lom
140 1794 213 1848 hiare
231 1814 286 1849 non
302 1806 399 1866 potest,
418 1800 465 1851 sed
482 1801 611 1868 synlzesin
628 1801 654 1849 iu
671 1799 721 1850 hoc
737 1799 841 1862 quidem
860 1813 953 1864 genere
972 1812 1026 1847 me·

38 1855 40 1942 l
74 1868 160 1914 tromm
177 1867 292 1920 admittit
307 1875 336 1919 ut
352 1868 457 1920 molossi
473 1883 619 1920 mensuram
640 1875 778 1932 exaequet,
803 1867 922 1920 dehortor
942 1873 1026 1917 autem

37 2099 40 2184 l

75 1943 117 1982 non
134 1933 290 2003 disyllabum
308 1951 365 1988 esse
383 1953 434 1988 non
450 1945 551 2000 potest,
577 1938 669 2003 quibus
688 1937 720 1988 de
737 1938 814 1989 rebus
833 1937 956 1990 adeantur
973 1947 1026 1986 uva

76 1996 164 2069 Prolcg.
181 2005 253 2056 Trin.
271 2021 298 2072 p.
310 2019 364 2057 cnx
380 2021 435 2072 sep:

112 2087 172 2150 CA.
194 2088 364 2171 anldmus
378 2091 459 2152 nos?
482 2109 542 2172 qno
558 2089 733 2169 frigimur?

110 2169 171 2236 Lo.
193 2175 230 2235 ln
245 2171 385 2256 patrium.
423 2175 487 2238 cll.
508 2174 632 2255 Apage,
652 2174 713 2235 han
727 2193 784 2235 noa
799 2172 831 2232 ld
847 2170 957 2232 deceat

110 2269 270 2354 anllinor
284 2274 409 2337 imitari.
445 2273 510 2336 Lo.
530 2259 625 2335 immo
640 2270 766 2355 edepol,

39 2407 40 2410 ι
152 2357 185 2418 Si
199 2359 264 2420 erit
278 2359 416 2438 occasio,
436 2359 513 2420 hant
527 2357 583 2438 [ld]
599 2356 759 2420 dehortor.

37 3432 39 3540 l

77 2441 214 2556 witlam
237 2442 355 2494 ultimum
375 2442 467 2494 horum
483 2456 604 2494 versuum
619 2458 666 2509 pro
684 2439 844 2508 paroemieco
862 2435 1026 2488 acatalectmn

77 2519 98 2555 m
121 2523 137 2560 u

115 2591 146 2654 Si
159 2598 221 2658 erit
236 2598 373 2677 occasio,
394 2598 470 2658 hant
486 2596 590 2677 {istic}
605 2595 766 2657 dehortor.

79 2695 105 2746 V.
117 2697 165 2754 tle
182 2704 401 2768 transponendum
419 2710 457 2755 est
475 2696 573 2776 [mihil
591 2693 683 2778 quod.
699 2725 746 2742 ·-·
764 2694 860 2756 11366
878 2711 934 2748 sero
952 2695 1025 2746 iutel-

80 2769 125 2824 leri
141 2786 164 2828 et
182 2795 215 2832 ex
233 2779 352 2846 analogia
365 2779 467 2831 'formae
480 2783 581 2848 fortiter
598 2795 665 2844 qnae
676 2771 810 2845 Ampuol
823 2769 858 2826 78
866 2771 901 2826 79
912 2772 1026 2824 exbonia

80 2838 141 2894 libris
158 2849 256 2914 pridem
273 2851 391 2900 restituta
408 2858 447 2900 est
465 2866 592 2914 quamque
608 2849 706 2900 Noniae
722 2862 749 2913 p.
760 2843 813 2897 110
830 2859 863 2896 ex
880 2842 973 2894 Lucilii
985 2855 1026 2890 aa·

79 2913 135 2963 turis
152 2917 246 2978 edient,
267 2925 292 2970 ct
304 2925 408 2984 propter
421 2919 624 2972 adliteratlonem
638 2915 755 2969 vocabuli
769 2916 842 2966 iuxta
853 2913 931 2980 positi
939 2917 1028 2975 captus

81 2987 116 3037 vel
130 2992 184 3043 sine
200 2993 273 3046 libris
290 3009 337 3060 pro
356 3000 445 3062 cautor
456 2997 617 3048 scribendum
629 2994 710 3046 luisse
724 2985 860 3062 conitor,
879 2987 1028 3054 praesertim

80 3077 130 3114 eam
145 3069 237 3120 Paulus
254 3071 383 3122 breviator
399 3073 467 3124 Festi
484 3088 511 3139 p.
522 3071 554 3126 61
573 3072 637 3123 haec
651 3070 743 3122 habeat
754 3058 972 3120 ‘eruitionem
990 3065 1027 3116 di·

82 3134 160 3188 cebant
182 3140 251 3205 quod
277 3139 354 3191 modo
381 3141 489 3192 dicimus
513 3131 678 3202 cautionem',
703 3139 771 3190 uode
792 3135 878 3187 nescio
898 3149 931 3186 aa
952 3135 1029 3185 etiem

83 3215 102 3252 l·
112 3201 159 3260 253
175 3215 199 3259 et
216 3208 284 3258 Trin.
295 3205 348 3260 416
361 3213 466 3262 moizon
479 3225 526 3277 pro
535 3218 631 3262 caudam
640 3207 814 3276 reponendum
824 3207 865 3256 sit.
881 3230 917 3242 -
934 3204 965 3254 V.
976 3199 1029 3254 316

81 3283 222 3350 transposita
230 3284 308 3336 velim
315 3287 394 3338 verba
404 3298 453 3340 me
464 3283 552 3342 meus
562 3285 668 3360 pater,
685 3280 771 3336 veis
786 3274 888 3336 friteor
899 3290 977 3333 esse.
985 3303 1029 3318 ·-

82 3351 108 3405 V·
116 3353 163 3410 359
181 3376 214 3411 ex
231 3361 356 3426 scriptura
373 3362 496 3415 librorum
513 3366 568 3416 dice
587 3364 731 3415 dromonem
743 3361 806 3412 duce
817 3357 969 3408 Drusianae
981 3369 1029 3421 po-

82 3427 124 3483 lius
142 3427 218 3490 tiliae
241 3428 421 3492 demonem
443 3441 583 3493 eruendum
605 3448 659 3491 erat
683 3454 761 3504 qnam
778 3436 848 3502 qnod
865 3448 923 3485 cnm
941 3431 1028 3484 Om-

81 3513 149 3563 lum
165 3514 241 3581 posui
258 3514 313 3566 dice
328 3523 454 3570 mactra:
471 3519 532 3571 vide
551 3517 619 3568 infra
631 3517 664 3568 ad
677 3512 799 3569 Museo.
809 3535 845 3550 -
856 3511 888 3562 V.
899 3505 952 3562 ³98
961 3507 1029 3574 quod
