2552 3928
220 172 260 235 70
579 168 814 232 PLAVTI
980 185 1170 240 11392-121

258 343 302 406 Vt
312 341 383 402 illirt
394 346 537 421 reportes
550 339 657 399 airum
669 341 705 400 ab
718 341 884 402 'l'heotimd
897 340 1027 418 domum.

259 446 361 524 Atque
372 442 449 502 betis
460 446 504 502 tu.
537 439 585 502 NI.
610 439 692 517 Quid
702 441 772 500 uis?
800 442 865 502 GH.
890 424 1021 505 dnulum
1034 445 1119 522 gnati
1128 442 1171 503 tui

258 544 365 604 Facito
376 543 412 602 irt
422 539 599 599 memineris
611 538 706 602 ferre.
739 539 789 600 Nl.
814 539 896 617 Quid
907 549 999 622 opust
1009 538 1123 601 dnulo?

133 679 135 684 ·
260 644 324 706 011.
349 641 426 720 Quia
442 638 475 700 id
493 641 642 718 signumst
661 657 729 698 eum
747 638 930 718 Theotimo,
961 640 1014 720 qui
1030 658 1100 700 eum
1123 638 1173 701 illi

669 736 803 816 tdferet,

257 842 295 905 m
307 843 413 901 mirum
424 844 459 898 ut
469 834 589 898 reddat.
620 836 670 898 Nl.
692 838 879 916 Meminem,
892 844 924 898 et
935 839 1022 899 reete
1034 858 1150 900 mones.

258 942 314 1003 Set
324 943 393 1002 istic
405 939 587 1000 Theotimus
599 935 781 998 diuesnest?
804 939 869 1000 011.
885 939 986 1000 Etidm
997 938 1110 1018 rogas?
1121 945 1173 1000 331

258 1043 357 1119 Quinc
369 1041 481 1102 hibent
491 1058 565 1100 suro
579 1039 677 1099 sdecis
688 1041 869 1119 suppeetrim
880 1037 1001 1099 solum?

257 1142 305 1206 NI.
328 1141 412 1218 Quor
422 1142 465 1200 ite
475 1127 618 1200 fastidit?
650 1140 715 1201 CH.
738 1139 854 1200 'l'dntas
866 1137 990 1200 diuitiis
1001 1141 1110 1201 habet:

256 1241 362 1303 Nescit
374 1239 449 1322 quid
461 1241 555 1301 faeiat
566 1242 649 1302 adro.
683 1239 731 1302 NI.
754 1239 835 1300 Mihi
847 1238 913 1300 duit
923 1238 1025 1300 uelim.

256 1341 312 1402 Set
324 1346 377 1421 qui
387 1345 553 1423 praesente
564 1339 598 1400 id
609 1341 715 1401 airum
728 1340 894 1401 'l'heetimd
906 1339 1062 1401 datumst?
1119 1349 1172 1404 335

257 1443 321 1504 GH.
338 1439 654 1523 ‘Populdpraesentet
675 1439 795 1516 millust
804 1441 922 1521 Ephesi
934 1442 1008 1520 quid
1019 1441 1104 1501 sciet.

253 1544 304 1606 Nl.
328 1544 408 1604 istrie
421 1539 893 1623 sapienterstltemfecitissius‚

256 1644 354 1719 Quom
365 1640 455 1702 diuiti
466 1642 582 1702 homini
593 1639 627 1700 id
638 1642 744 1701 birrum
756 1639 940 1702 seruandirm
953 1639 1055 1701 dedit:

255 1743 304 1803 Ab
316 1745 353 1804 ed
364 1743 473 1806 licebit
483 1744 620 1822 quimuis
632 1743 733 1802 subito
745 1743 878 1803 simere.

255 1842 320 1904 011.
343 1842 447 1921 Immo,
460 1843 510 1920 dn,
520 1843 673 1923 tantisper
684 1843 848 1922 nirmquem
858 1847 891 1902 te
903 1843 1085 1922 mordbitur,
1117 1850 1171 1904 343

255 1943 335 2020 Quin
346 1943 460 2004 hibeas
471 1941 543 2003 illut
554 1944 614 2022 qud
627 1942 677 2003 die
689 1941 765 2005 illuc
776 1944 910 2005 ueneris.

253 2044 302 2106 Nl.
327 2045 498 2105 Censebam
509 2063 560 2116 me
570 2044 825 2125 eciugissesuite
836 2045 1007 2122 mdrituma,

252 2145 299 2205 Ne
311 2146 486 2224 niuigsrem
498 2144 622 2206 ttndem
634 2145 693 2205 hoe
705 2148 814 2205 aetatis
826 2163 930 2206 senex.

253 2244 287 2306 ld
299 2245 382 2325 [itm]
394 2247 436 2307 mi
447 2251 549 2306 utrum
559 2244 654 2305 uelim
666 2246 726 2305 hair
738 2244 837 2305 licere
848 2240 1015 2322 intellego:

252 2345 298 2406 ita
308 2343 410 2406 bellus
421 2346 534 2426 hospes
546 2345 622 2405 iecit
632 2342 877 2404 Archidemides.
1116 2349 1169 2403 345

253 2445 315 2506 Vbi
325 2445 407 2505 minc
419 2451 468 2505 est
480 2464 554 2524 ergo
566 2446 651 2505 meus
663 2443 877 2505 Mnesilochus
887 2441 995 2503 iilius?

253 2544 318 2606 GH.
340 2544 423 2605 Deos
437 2549 529 2624 itque
541 2546 653 2607 amicos
665 2546 702 2605 iit
713 2544 873 2606 salutatum
885 2542 923 2604 rid
933 2544 1044 2604 forum.

251 2642 302 2704 Nl.
323 2643 367 2703 At
388 2661 444 2722 ego
465 2645 538 2705 hine
560 2647 636 2705 abeo
658 2643 745 2704 illum
766 2648 801 2703 ut
822 2645 1002 2704 ednueniam
1020 2645 1170 2724 qumtrim

664 2745 755 2824 potis.

254 2840 318 2900 CH.
342 2839 428 2902 llldst
439 2848 583 2903 oneratus
594 2845 683 2904 re'ete
695 2848 727 2903 et
740 2841 810 2925 plus
821 2845 902 2906 iustd
915 2848 1012 2911 uehit.
1127 2845 1130 2850 ’
1164 2841 1167 2848 ’

251 2941 368 3002 Exdrsa
382 2943 459 3002 haee
470 2942 535 3004 tels
545 2945 607 3003 min
618 2942 698 3005 male
711 2947 833 3007 omnint
844 2947 961 3025 mihist,
1115 2953 1169 3008 350
1262 2993 1263 3010 t

251 3041 294 3102 Vt
305 3045 455 3102 emtntem
467 3041 576 3103 erilem
587 3045 695 3125 etpem
707 3044 964 3108 iaceremiilium.

251 3141 296 3200 lta
306 3140 379 3220 ieci,
391 3147 425 3200 ut
436 3143 502 3202 euri
514 3147 658 3223 qutntum
667 3144 767 3205 uellet
778 3147 925 3223 stimeret

251 3243 403 3318 Quantum
415 3243 518 3303 mitem
527 3241 634 3305 lubeat
643 3243 789 3324 reddere,
800 3251 834 3306 ut
844 3243 1058 3324 redddtpstri.
1188 3261 1194 3270 ·

250 3342 352 3402 Sendx
362 3345 395 3402 in
404 3343 562 3424 Ephesum
577 3342 673 3424 [hine]
687 3347 744 3406 ibit
755 3365 860 3405 aurum
872 3343 1047 3404 arcessere:

250 3440 311 3501 Hie
322 3443 429 3501 ndstra
440 3449 548 3521 egetur
560 3447 643 3504 aetas
654 3446 687 3504 in
698 3428 847 3506 melaeiim
857 3441 991 3521 modum,
1113 3449 1168 3504 355
