2560 3936
168 233 230 306 278
529 233 762 295 PLAVTI
949 249 1124 304 1230-58

207 406 280 468 ME,
303 403 396 467 Malis
408 411 441 465 te
453 409 487 464 ut
497 405 603 464 uerbi
615 403 719 466 milti
731 404 858 467 multum
869 406 1065 485 obiurgitem.

208 505 271 567 (Μ.
293 504 393 566 Meu?
425 504 498 566 ΜΕ.
519 503 669 584 Numquis
690 512 740 565 est
760 506 812 565 hio
834 505 910 567 tliue
930 510 1058 586 praeter
1074 523 1124 566 me

623 605 784 684 ttquete‘t

208 702 272 765 CA.
294 702 431 770 Nomost.
464 702 536 763 ΜΕ.
552 701 634 781 Quid
644 710 679 764 tu
689 705 786 784 igitur
796 705 914 786 rogitas
928 709 1003 766 tene
1019 703 1124 766 abirit-

483 813 486 819 “
622 804 739 882 gitem?

206 901 274 962 Nisi
284 900 319 960 tui
330 919 378 963 me
390 901 531 961 mihimet
542 904 651 963 censes
664 901 818 964 dicturum
828 901 918 964 male.

206 1001 284 1062 Nam
296 1003 322 1062 si
333 1004 365 1061 in
375 1009 408 1062 te
420 1008 583 1081 aegrotant
593 1007 677 1064 trtes
688 1005 833 1082 antiquae
844 1010 915 1063 tuae

207 1102 270 1162 Aut
281 1103 309 1160 si
319 1098 479 1161 demutant
489 1104 591 1162 mores
602 1102 759 1181 ingenium
770 1109 866 1183 tuum,
1090 1111 1125 1168 73

210 1198 500 1278 [Namsiinmutare
511 1203 559 1261 ui
569 1202 728 1281 ingenium
739 1204 875 1264 moribus

207 1298 318 1380 Neque
329 1297 400 1360 tiras
412 1301 555 1380 antiquos
568 1301 685 1380 seruas,
700 1308 749 1361 set
760 1307 865 1382 captts
876 1303 997 1383 nouos,l
1091 1309 1125 1366 74

207 1398 356 1460 Omnibus
370 1400 474 1461 amicis
485 1401 626 1461 mtrbum
636 1407 671 1461 tu
681 1400 815 1463 incuties
826 1421 962 1483 manem,

206 1498 251 1562 Vt
259 1499 294 1558 te
304 1498 413 1560 uidere
425 1498 595 1579 audireque
607 1502 728 1579 aegroti
738 1501 829 1561 sient.

208 1598 272 1660 CA.
297 1599 546 1676 Quiinmentem
557 1600 644 1659 uenit
654 1600 713 1660 tibi
723 1600 820 1660 istaec
831 1598 915 1660 dieta
926 1599 1056 1662 diceret

206 1696 279 1757 ΜΕ.
303 1697 381 1774 Quia
391 1699 490 1756 omnis
501 1697 600 1758 bonos
612 1699 770 1778 bonisque
782 1697 932 1760 adcurare
944 1699 1087 1784 tddeoet‚

208 1793 417 1875 Suspitionom
428 1800 461 1855 et
474 1794 596 1878 erilpam
607 1803 642 1856 ut
652 1799 689 1856 ab
702 1816 736 1858 se
747 1799 922 1879 segregent.

207 1894 271 1957 (Μ.
301 1893 372 1954 Non
394 1896 476 1976 potis
500 1902 665 1977 utrumque
690 1897 773 1960 iteri.
807 1899 880 1964 ΜΕ.
904 1899 1123 1983 Quapropter?

622 1997 686 2060 CA.
709 1997 834 2077 Rogas?
1089 2009 1125 2064 80

204 2093 251 2155 Ne
264 2093 422 2156 admittam
435 2096 565 2177 eulpam,
579 2115 637 2176 ego
648 2095 720 2158 meo
732 2090 798 2157 sum
808 2119 934 2181 promus
944 2101 1081 2181 pectori:

205 2196 374 2279 Suspitiost
384 2197 416 2257 iu
427 2199 557 2278 pectore
569 2195 671 2258 alieno
683 2198 752 2258 sita.

207 2293 285 2358 Num
297 2296 379 2357 minc
391 2314 449 2376 ego
460 2298 488 2357 si
499 2303 532 2358 te
544 2298 746 2378 subrupuisse
757 2299 899 2380 suspicer

208 2397 274 2457 [oui
285 2415 430 2457 eoronam
440 2394 481 2456 de
492 2398 593 2476 capite
605 2415 643 2456 ex
654 2393 819 2478 capitolio,

207 2496 269 2573 Qui
281 2496 315 2556 in
327 2496 479 2559 columine
491 2501 570 2556 astat
580 2498 714 2558 stimmo:
734 2497 761 2557 si
771 2495 805 2557 id
815 2516 879 2558 uon
889 2497 1004 2559 feceris
1089 2508 1124 2565 85

208 2596 312 2674 Atque
324 2595 357 2656 id
367 2603 472 2659 tamen
482 2596 558 2657 mihi
568 2594 676 2657 libeat
686 2597 890 2677 suspicerier:

209 2694 271 2771 Qui
281 2699 317 2753 tu
327 2691 360 2753 td
370 2694 541 2774 prohibere
554 2696 604 2755 me
613 2698 704 2775 potes
716 2713 756 2755 ne
768 2695 933 2777 suspicer?

208 2790 266 2850 Set
275 2791 357 2851 istrie
368 2793 475 2871 negoti
487 2793 577 2873 eripio
589 2794 670 2853 seire
682 2792 756 2873 quid
767 2796 836 2855 siet.

208 2887 281 2949 ΜΕ.
303 2888 415 2948 Haben
425 2894 460 2948 tu
472 2890 600 2950 aruioum
611 2896 663 2951 aut
672 2891 856 2955 ftmiliarem
868 2895 1059 2976 quempiam,x

208 2988 544 3073 Quoipeetussapiat?
577 2992 641 3054 cu.
663 2992 785 3075 Edepol
795 2996 856 3057 hau
867 2996 966 3058 diesim
977 2995 1060 3058 dolo.
1091 3004 1126 3060 90

209 3087 289 3150 Sunt
300 3091 377 3169 quos
389 3091 452 3150 scio
466 3092 579 3152 amicos
591 3093 676 3153 esse:
699 3101 770 3154 suut
781 3114 858 3175 quos
870 3096 1021 3176 suspicor,

209 3187 266 3249 Set
278 3193 408 3269 querum
417 3193 543 3272 ingenia
555 3197 647 3273 atque
658 3195 775 3255 tnimos
786 3213 909 3276 nequeo
920 3197 1051 3256 noscere
1059 3186 1075 3254 ε’

209 3287 272 3371 §Ari
283 3292 372 3352 amici
382 3293 604 3372 partemanad
613 3295 731 3355 inimici
741 3295 955 3376 perueniantrl

209 3376 266 3454 'Set
279 3398 315 3452 tu
326 3393 363 3453 ex
376 3391 480 3454 amieis
491 3395 586 3455 certis
597 3394 663 3454 mi’s
675 3398 884 3456 certissumus.

209 3488 320 3570 Siquid
331 3492 392 3550 sois
404 3509 453 3552 me
465 3491 579 3554 iecisse
590 3494 704 3554 inscite
716 3499 768 3554 aut
781 3493 923 3576 inprobe,
1092 3501 1127 3556 95
