2482 3936
347 304 394 358 AB
411 303 492 355 slim.
510 301 733 354 anscusnivu.
986 302 1021 356 xi

112 462 136 512 si
153 459 283 512 reddasne
300 456 343 526 (at
360 459 459 517 reduc,
478 455 510 508 ci.
528 453 722 507 Summanus
740 455 772 506 da
791 455 864 508 elam.
882 453 945 522 llnp.
963 451 1020 510 Lat.

53 477 132 598 ffl'l
149 545 216 594 sqq.
230 529 310 580 carius
327 527 361 579 ds
376 527 476 578 duobus
490 525 606 576 versibus
618 520 747 590 0888913
757 531 782 574 88
792 517 917 578 Russus
926 523 1021 576 iudicio

53 614 95 650 nou
111 615 174 649 snm
197 594 360 662 obsecutus)
375 595 478 660 repperi
489 594 585 644 nuni:
604 592 657 646 llil.
667 591 702 646 26
712 589 868 649 87881180
879 607 935 644 sero
947 591 1021 644 intel·

53 669 95 720 laxi
126 683 186 718 non
218 667 308 718 inisse
334 663 517 716 sollicitandam
541 661 692 728 scripturam
719 664 872 729 optimorum
899 661 1020 713 librorum

53 737 238 800 bracchium
256 743 308 812 (ci.
326 744 463 796 Wnernur
480 737 806 809 nunnunquam),
825 742 886 792 itam
894 735 1019 794 Ruunt?

53 826 155 882 881313
173 819 398 901 marsuppium
413 828 467 880 sius
483 817 683 898 marsipplum
701 826 771 889 quod
781 825 807 876 in
818 826 888 880 libris
897 825 1019 877 Plautinis

53 905 135 954 eadem
155 904 341 954 inconstantia
356 903 475 967 sculptum
492 901 617 968 reperitur
633 915 685 965 qus
701 901 728 952 in
745 899 816 950 libris
833 897 934 952 Graecia
951 913 1020 964 pup-

53 971 144 1022 siccos·
171 962 346 1038 pauperiores
370 967 560 1036 proclames.-
588 977 674 1020 cenna
695 969 890 1034 improbandum
914 969 1021 1020 arbitror

53 1045 109 1094 rodo
129 1042 214 1104 quod
235 1053 278 1093 nv
296 1053 378 1106 nuper
394 1039 420 1090 in
438 1038 522 1090 Sticho
541 1039 587 1089 ubl
607 1037 664 1089 libri
679 1038 835 1103 praebebant
852 1037 878 1090 in
896 1039 1016 1090 conunul.

53 1117 121 1160 ntem
145 1111 299 1163 verborum
318 1107 437 1175 recepisti
457 1115 481 1159 et
504 1108 532 1160 ln
554 1106 712 1174 prestatione
729 1121 755 1172 p.
767 1120 804 1158 xv
820 1122 859 1172 sq.
878 1106 1020 1158 18888188-

54 1179 104 1229 listi
125 1187 159 1228 nt
184 1193 272 1242 quam
295 1179 445 1244 scripturam
467 1178 584 1241 antiquos
607 1181 722 1228 auctores
738 1176 832 1230 babes
849 1191 881 1228 es
897 1175 1019 1228 Diomede

53 1247 226 1313 grammatico
247 1247 403 1298 disceremus
420 1261 475 1298 eam
493 1247 524 1298 ab
544 1245 640 1296 editore
656 1244 740 1296 Plauti
757 1246 886 1296 obscurari
903 1259 950 1310 par
968 1259 1018 1296 non

53 1330 102 1367 8888
120 1315 314 1368 contenderes.
333 1317 374 1366 oui
391 1315 529 1366 sententiae
543 1313 658 1366 lubenter
669 1314 854 1364 subscriberem
864 1314 888 1364 si
895 1315 1019 1364 rationem

29 1417 30 1424 ι
52 1385 119 1436 stine
138 1385 316 1447 antiquorum
332 1385 461 1436 doctrinae
477 1384 661 1449 perspicerem:
689 1394 726 1433 nv
745 1382 848 1444 quidem
862 1373 935 1434 ‘satis
951 1371 1018 1429 ἄνα-

52 1443 134 1518 1ιίγις
154 1455 273 1504 conuolo
291 1454 400 1506 transire·
411 1453 437 1506 in
452 1455 517 1504 nollo
532 1441 658 1518 potuisse'
668 1449 807 1518 profiteris,
826 1449 873 1500 sed
884 1457 1018 1513 antequam

52 1522 230 1585 qrre‚‚tuerit
251 1521 302 1572 ista
324 1522 441 1587 analogia
465 1520 621 1586 argumentis
643 1519 748 1570 eviceris
764 1533 823 1569 'nou
845 1531 952 1584 possum
968 1533 1017 1570 nco

51 1591 201 1640 doctrinam
218 1589 291 1640 illam
307 1605 413 1655 pravam
430 1590 541 1640 iudicare
559 1595 640 1638 ortam
658 1588 767 1638 fortasse
785 1594 812 1638 ut
829 1586 1017 1640 Summanus

50 1657 95 1708 la.
107 1673 132 1710 8.
143 1669 179 1724 p.·
187 1654 245 1710 418
267 1659 331 1708 scite
351 1659 493 1724 auspicatur
509 1658 569 1708 inde
587 1657 657 1722 quod
678 1659 743 1707 mulo
761 1672 777 1707 8
792 1654 896 1720 μᾶλλον
913 1657 1013 1708 dsscen-

50 1726 108 1776 dera
134 1727 329 1792 opinabantnre
356 1728 441 1792 itaque
459 1742 499 1777 me
520 1728 577 1793 ipss
592 1725 750 1790 reprebendo
768 1726 837 1790 qnod
852 1734 1016 1794 praepostero

50 1809 110 1845 rans
129 1795 235 1846 iudicio
255 1803 280 1844 et
296 1809 350 1846 run
367 1795 447 1860 ipsius
465 1802 551 1863 spreta
569 1795 740 1846 admonitione
754 1809 802 1860 per
811 1802 891 1847 totam
901 1795 1015 1845 Trinum-

49 1878 119 1914 num
142 1863 259 1915 uitiosae
281 1865 419 1929 scripturas
439 1868 504 1916 nolle
523 1871 548 1914 et
565 1865 639 1914 888888
654 1863 756 1914 induxi:
780 1865 923 1916 restitutum
940 1865 1018 1930 igitur

48 1943 127 1993 inim
154 1958 183 1992 v.
205 1939 260 1995 aas
285 1939 336 1994 888
361 1939 414 1996 888
439 1939 490 1996 eea
515 1939 567 1996 oro
591 1939 658 1995 roco
680 1932 942 2013 118711708818,
965 1940 1017 1996 ren

46 2015 176 2076 malim:
200 2031 312 2075 ceterum
333 2025 401 2076 idam
421 2023 613 2078 Scunsmsava
635 2025 710 2076 docet
727 2041 785 2076 cum
800 2025 922 2078 Diomede
941 2028 1015 2077 etiam

50 2099 196 2150 Cornutum
219 2100 290 2164 apud
312 2098 426 2151 Cassiod.
444 2115 471 2166 p.
483 2097 553 2154 2283
570 2115 619 2166 sq.¹
632 2099 805 2166 Papirianum·
816 2102 886 2168 apud
909 2102 1016 2152 eundem

51 2165 160 2232 nasso
183 2167 284 2218 Bedam
306 2183 333 2234 p.
342 2165 412 2221 1339
434 2170 461 2218 in
484 2169 634 2221 damnandis
656 2169 787 2235 scripturis
808 2172 883 2222 made
904 2178 928 2220 88
950 2173 1016 2221 roilo

52 2239 212 2302 suspirare.
240 2235 295 2288 dixi
316 2238 348 2288 de
365 2238 500 2304 geminatis
516 2239 721 2290 consonantibus.
739 2239 766 2288 in
783 2237 953 2303 compluribus
970 2255 1015 2289 vo-

53 2305 149 2363 cabulis
176 2304 346 2356 suadentibus
365 2307 437 2358 libris
459 2321 506 2358 888
529 2314 695 2358 consonantes
717 2321 781 2370 quas
802 2307 928 2372 posterior
945 2314 1015 2356 aetas

29 2433 31 2452 ὓ
55 2376 191 2425 extriverat
208 2374 341 2424 restitutae
357 2383 429 2436 sunt,
454 2375 567 2426 velutin
583 2379 694 2442 88888888
710 2389 757 2440 pro
774 2377 884 2442 quidus,
910 2382 1016 2426 aconas

29 2473 30 2478 =
53 2455 94 2506 pro
109 2450 208 2493 metus
225 2441 293 2507 (non
310 2450 394 2495 antem
409 2452 561 2508 permutetur
577 2446 617 2498 vel
631 2452 783 2508 percunctor
797 2445 888 2512 scripsi
899 2446 1014 2509 8881888-

52 2509 170 2576 auur),
200 2517 359 2574 comme
380 2519 405 2562 et
426 2522 583 2578 camier
607 2529 654 2578 pro
677 2523 810 2578 conspicio
828 2522 1013 2578 eluderentur,

52 2585 138 2642 iccrpto
166 2580 342 2643 pectamur
367 2588 509 2646 comempno
534 2597 580 2648 pro
607 2590 673 2634 tento
697 2585 847 2647 pedetentim
873 2591 1012 2634 woroime.-

49 2647 109 2697 item
132 2649 241 2700 81881888
263 2651 374 2701 scuticas
391 2652 479 2702 8888888
496 2653 608 2718 queam
626 2665 683 2702 cum
701 2651 826 2702 similibus
844 2660 869 2702 88
886 2659 1013 2704 centenas·

50 2729 100 2766 suro
122 2718 286 2768 8888888888
310 2725 335 2770 88
358 2717 507 2772 demam
533 2721 602 2783 quod
626 2721 702 2771 etiam
727 2730 816 2772 neutro
835 2737 928 2788 genere
947 2721 1014 2772 iben-

51 2797 154 2834 sacrm
177 2800 194 2834 a
216 2785 307 2836 Plauto
332 2787 425 2838 dictum
449 2797 487 2840 est
505 2787 588 2854 (valui
605 2802 652 2855 per
668 2796 748 2840 totam
764 2788 950 2855 lbinummum)
966 2806 1012 2856 pro

52 2851 202 2914 bisam,
225 2861 318 2918 888888
342 2870 389 2922 pro
405 2865 480 2910 88888
496 2867 525 2908 88
540 2865 625 2908 tamen
642 2857 709 2908 hanc
725 2859 875 2924 scripturam
890 2875 942 2910 non
960 2875 1013 2910 cm-

51 2921 107 2970 oino
134 2921 302 2986 repudiarem
324 2925 371 2976 sed
391 2925 423 2978 id
447 2927 582 2978 discrimen
606 2941 735 2978 servarem
758 2927 827 2990 quod
844 2927 964 2978 Nasxrvs
987 2929 1013 2979 in

51 2985 143 3054 Opnsc.
162 2989 255 3055 philol.
274 2992 345 3073 vpll
360 3008 386 3059 p.
397 2991 448 3048 187
464 3009 521 3060 sqq.
534 2987 601 3047 ‘sine
613 2995 685 3047 libris
699 2997 813 3062 ipsorum
826 2996 939 3048 locorum
948 2997 1014 3048 inter

51 3070 78 3106 se
94 3060 290 3124 comparatione
316 3061 410 3124 affecit,
438 3072 581 3119 constanter
605 3072 691 3116 autem
714 3067 815 3130 8888888
839 3081 886 3132 pro
911 3068 1013 3118 ineratus

51 3127 198 3179 scriberem.
228 3128 356 3195 simplices
380 3141 549 3185 consonantes
570 3147 606 3184 nv
629 3133 761 3184 restituisti
781 3136 808 3185 in
825 3135 865 3186 his
880 3135 1013 3188 vocabulis

51 3208 114 3256 quae
129 3195 212 3262 vulgo
229 3199 363 3264 geminatis
380 3203 457 3256 scribi
473 3203 566 3254 solante
583 3203 637 3254 luce
653 3204 725 3256 brice
740 3203 821 3254 birine
836 3204 923 3257 budae
934 3206 1012 3258 niciae

29 3277 104 3314 ,cnm
129 3265 275 3329 similibus,
299 3269 359 3320 iiico
379 3260 435 3335 ‘pro
456 3272 598 3323 reiectooeo
624 3263 706 3333 illioo’,
733 3275 828 3324 8881888
852 3275 896 3326 ubi
913 3275 1012 3325 numeri

29 3365 30 3368 =
50 3333 158 3395 primam
175 3333 300 3401 syllabam
316 3339 419 3390 brevem
436 3339 551 3408 flagitant
566 3355 612 3407 pro
631 3343 752 3402 ocadbes,
770 3343 842 3394 acrio
853 3358 899 3410 pro
911 3345 1011 3394 8888888

47 3400 137 3480 ‘addidi
163 3404 242 3454 litera
258 3420 335 3470 qnam
353 3409 503 3474 scripturam
518 3411 596 3461 altera
611 3410 736 3476 potiorem
753 3426 810 3462 csse
828 3411 889 3462 olibi
906 3411 1010 3464 demon-

53 3472 140 3532 strari,
151 3474 240 3552 ‘pclare
257 3473 324 3526 llud.
335 3473 402 3528 1047
419 3493 465 3544 pro
481 3482 583 3542 pellan,
599 3481 688 3542 pinula
701 3477 865 3544 Ampulla,
887 3487 915 3530 ut
925 3482 1009 3545 priore

53 3549 124 3590 mann
150 3555 180 3590 ιιι
204 3542 237 3593 V.
257 3540 285 3598 G.
311 3553 443 3598 amatum
468 3555 521 3610 est,
550 3547 600 3598 hoo
628 3549 695 3598 enim
721 3548 755 3597 ad
776 3549 878 3610 pinnam
902 3550 1008 3600 eandem
