2482 3936
375 219 421 270 ΑΙ)
439 219 521 270 rull).
538 217 763 276 miscumrvu.
1030 223 1052 278 V

84 373 247 426 consuetudo
263 364 400 434 Plautina'‚
420 380 463 424 aut
478 386 580 424 manum
596 373 738 426 Plautinum
754 380 798 426 aut
815 382 883 428 cene
899 375 990 428 Plauto
1001 391 1053 430 uon

27 445 30 516 l
82 444 228 510 iudignum¹
246 443 417 494 restituerem.
443 441 487 492 ubi
511 456 572 493 vero
595 442 717 494 librorum
741 445 881 510 scripturae
898 445 964 496 adeo
982 453 1054 499 cram

27 519 29 580 ι
83 513 245 578 depravatae
267 519 296 562 ut
319 511 383 575 quid
406 525 423 562 a
445 518 521 577 poete
537 511 680 576 proiectum
696 518 764 564 asset
781 527 865 576 nsque
881 514 980 580 priores
997 515 1052 566 edi-

82 590 154 632 tores
179 582 312 634 invenisse
329 580 477 632 viderentur
491 595 575 643 neque
593 595 642 646 ego
660 581 782 633 extricare
791 596 911 647 possam,
929 583 966 634 ibi
977 583 1051 650 signo

27 667 33 712 ι
83 651 250 716 corruptelae
266 649 355 702 addito
372 655 484 700 menstra
500 649 590 714 optirni
602 648 661 700 libri
676 652 867 702 servarasatiue
874 651 1051 718 putavlquem

27 717 28 720 ’
82 721 174 770 verbis
193 726 288 786 poetae
304 718 403 782 aliquid
420 719 560 770 immiscere
575 719 645 781 quod
662 719 747 785 ipsum
762 721 898 786 scripsisse
910 722 1049 787 omnipro-

82 789 233 840 babilitatis
254 788 341 854 specie
362 794 467 838 careret:
493 786 541 837 hae
562 787 641 852 igitur
660 787 773 840 maculas
794 804 852 840 curn
875 789 965 840 ceteris
984 804 1050 854 quae

83 871 159 908 meos
181 856 271 908 cculoe
289 856 409 923 fugerunt
425 869 479 908 urvo
497 853 618 906 eluendas
629 856 725 924 ingenii
737 858 848 908 acumini
858 858 962 922 reliqui,
980 858 1051 922 qnod

83 941 165 989 quarn
185 928 304 992 ingentes
322 940 353 976 ac
368 939 448 992 prope
463 923 652 992 inexplicabiles
667 925 737 976 visas
755 925 915 978 difficultates
930 927 1051 993 expedire

27 1029 28 1042 ι
83 997 165 1045 sciret
190 1010 250 1046 cum
268 994 328 1046 alibi
343 1003 398 1045 tum
413 995 521 1046 maxime
539 1008 620 1059 nuper
636 994 663 1044 in
682 993 762 1046 Milite
779 994 891 1064 glorioso
909 995 996 1048 tabula
1011 996 1051 1046 ln·

27 1087 28 1124 ;
84 1063 247 1115 credibiliter
265 1071 382 1130 corrupta
396 1063 533 1114 luculenter
551 1062 693 1114 dedarastl.

159 1133 331 1185 Absolveram
348 1139 432 1183 autern
450 1133 559 1197 quinque
576 1131 668 1182 harum
685 1132 874 1184 comoediarum
895 1131 1051 1184 emendatio-

83 1217 147 1252 nem
168 1209 194 1252 at
216 1201 368 1267 Amphitruo
391 1216 448 1252 cnm
467 1199 579 1267 captivis
597 1199 726 1252 literarum
742 1200 831 1253 formis
849 1203 901 1254 iam
918 1209 989 1254 eram
1006 1202 1051 1254 de·

85 1273 218 1337 scriptae,
246 1285 304 1322 cum
320 1286 414 1322 novum
431 1271 624 1322 instrumentum
642 1270 754 1322 criticum
773 1271 852 1335 idque
872 1273 978 1324 maximi
995 1287 1051 1324 mo-

27 1381 29 1392 ,
84 1341 170 1390 menti
188 1355 224 1390 ex
241 1341 367 1405 insperato
383 1341 450 1391 dono
468 1340 563 1405 accept.
598 1337 721 1392 danosve
739 1340 806 1390 enirn
817 1339 941 1391 Harma
955 1347 1051 1402 noster,

86 1409 164 1460 cuius
183 1409 256 1472 qnod
274 1424 322 1475 ego
340 1423 440 1473 quoque
456 1409 482 1460 lu
498 1423 610 1460 amorem
627 1408 814 1472 amicitiamque
830 1410 935 1474 perveul
952 1423 1053 1477 semper

86 1479 156 1528 inter
173 1479 361 1544 prosperrimus
378 1479 446 1530 vitae
463 1493 536 1530 meae
553 1492 628 1528 casua
646 1478 721 1539 duxi,
740 1477 862 1529 comiato
874 1477 1053 1544 acerbo(milri

86 1547 189 1597 scilicet
211 1548 315 1607 acerbo,
342 1546 380 1596 illi
404 1546 506 1612 quidem
527 1545 612 1597 hercle
631 1546 823 1613 exoptatissimo
841 1562 872 1598 ac
888 1561 970 1613 paena
986 1548 1052 1599 invi-

87 1613 191 1680 dendo)
209 1631 242 1667 ex
259 1615 308 1666 hac
328 1623 396 1666 terra
415 1618 527 1680 itemque
544 1615 638 1668 vicinia
654 1631 712 1667 mea
726 1622 830 1668 avectus
847 1617 874 1668 iu
889 1617 979 1668 itinera
996 1615 1052 1670 Mo-

87 1685 201 1735 neehino
224 1685 290 1736 rorte
305 1683 408 1736 fortuna
423 1688 549 1739 Aaronom
566 1683 795 1736 Serrwanmnrno
810 1685 891 1737 veteri
909 1687 991 1736 amico
1009 1702 1052 1737 oc-

88 1755 227 1815 currisset,
253 1768 330 1817 quem
354 1753 414 1804 olim
436 1755 468 1806 de
486 1755 584 1806 edendo
601 1752 690 1804 Plauto
714 1754 841 1821 rogitasse
858 1762 883 1804 et
899 1752 978 1806 libros
996 1756 1052 1806 eius

87 1824 200 1888 scriptos
225 1823 363 1874 contulisse
383 1823 491 1884 aciebat‚
517 1821 594 1876 simul
610 1829 686 1888 atque
702 1822 774 1873 illum
788 1823 838 1874 hoc
853 1823 987 1875 consilium
1005 1824 1052 1874 du·

89 1893 155 1942 dum
172 1892 296 1943 abiecisse
314 1893 449 1958 comperit,
467 1893 526 1944 ilico
541 1907 656 1944 meorum
673 1893 815 1944 studiorum
826 1907 924 1944 memor
933 1893 1052 1960 precibus

91 1961 123 2012 eb
147 1962 230 2012 amico
249 1961 395 2028 impetravit
417 1968 444 2012 ut
464 1963 487 2012 ie
505 1961 630 2027 quidquid
647 1961 784 2028 adparatus
801 1962 881 2013 critici
899 1961 1052 2028 conlegisset

91 2045 149 2080 sese
171 2030 235 2081 mihi
260 2045 440 2082 concessurum
462 2046 519 2082 essa
541 2032 708 2096 promitteret.
737 2032 806 2094 quod
824 2031 929 2096 quidem
944 2031 1053 2097 promis·

91 2115 148 2149 sum
166 2101 207 2151 vir
223 2101 458 2165 praestantissimus
474 2115 556 2167 nuper
573 2099 679 2152 exolvit:
706 2099 773 2151 (lonc
790 2102 858 2152 enirn
875 2099 939 2150 mihi
953 2100 1051 2150 Vratia·

91 2169 159 2218 avia
175 2168 224 2218 ubi
239 2183 305 2220 nunc
321 2170 392 2234 degit
408 2171 517 2218 tramisit
534 2169 677 2234 exemplum
695 2183 771 2218 suum
790 2169 908 2219 editionis
926 2168 1053 2220 Amatelo·

90 2237 221 2288 ramensis
239 2239 298 2287 anni
314 2251 453 2298 lnocxxr,
472 2239 545 2288 cuiue
563 2238 673 2304 margini
683 2250 735 2287 non
748 2236 831 2288 solum
844 2238 871 2286 in
882 2237 999 2288 omnibus
1014 2237 1053 2286 la-

92 2305 158 2356 bulis
165 2307 269 2357 Veteris
279 2304 379 2358 Codicis
390 2305 574 2358 &nuaram
583 2308 631 2358 sed
642 2306 719 2358 etiam
730 2306 757 2356 in
767 2305 913 2356 'lbinunrmo
923 2304 1052 2356 Pseudulo

91 2375 247 2426 Mostellaria
263 2374 321 2426 libri
331 2377 494 2427 Ambrosiani
504 2376 678 2442 discrepantes
690 2374 828 2440 scripturas
839 2373 983 2426 admirabili
996 2373 1053 2426 ‹lili-

91 2446 179 2510 gentia
189 2459 256 2494 anno
268 2457 437 2496 mcccxxxv
450 2460 467 2495 a
479 2459 509 2496 se
518 2445 616 2498 Rerum
628 2452 653 2494 et
664 2443 802 2495 Mediolani
810 2450 942 2510 excerptae
951 2443 1052 2494 nitidis-

29 2541 30 2546 =
91 2514 155 2563 cirne
185 2513 352 2579 ascripserat:
385 2528 431 2578 pro
455 2529 507 2578 qua
529 2514 653 2581 singulari
674 2511 852 2565 benevolentia
874 2515 930 2565 viro
957 2513 1053 2578 optimo

29 2607 30 2616 ι
92 2589 175 2632 tantos
197 2590 304 2645 quantas
322 2583 449 2634 maximas
470 2583 570 2633 animus
590 2597 663 2634 meus
683 2597 773 2648 cepere
788 2589 873 2648 potest
888 2582 984 2648 gratias
1003 2593 1052 2645 age

29 2681 30 2702 ι
92 2665 174 2715 ecque
190 2650 319 2703 lubentius
336 2668 386 2715 quo
402 2652 481 2704 hodie
495 2653 592 2703 rariora
607 2653 662 2702 eius
678 2651 749 2702 modi
757 2651 902 2702 testimonia
910 2662 1054 2717 propensae

29 2717 30 2782 f
91 2719 118 2770 in
139 2719 248 2770 aliorum
266 2721 353 2772 studia
369 2721 507 2772 voluntatis
525 2736 583 2772 esse
598 2720 689 2772 solent.
714 2718 783 2770 hunc
798 2721 877 2787 igitur
894 2721 1053 2786 adparatum,

91 2797 120 2838 ut
142 2803 221 2854 supra
242 2790 309 2851 dixi,
333 2798 388 2841 tum
411 2791 512 2842 demum
534 2791 622 2856 accepi
647 2803 705 2840 cum
723 2789 790 2839 duae
807 2789 866 2839 illae
883 2789 985 2839 fabulae
1003 2787 1054 2836 iam

29 2885 30 2892 ι
91 2855 221 2908 literarum
238 2859 329 2910 formis
348 2860 489 2927 descriptae
508 2867 593 2921 erant,
612 2873 662 2922 quo
680 2851 775 2908 iactur'n
792 2864 831 2907 est
848 2863 878 2907 ut
894 2859 920 2908 in
937 2857 979 2907 his
989 2869 1053 2922 pau·

92 2940 133 2975 cas
150 2934 250 2978 tantum
269 2927 460 2981 emendationes
477 2944 541 2993 quas
559 2943 627 2980 nova
642 2927 686 2978 illa
698 2928 787 2994 optimi
799 2926 858 2976 libri
871 2925 979 2977 conlatio
991 2938 1053 2989 sup·

92 2995 228 3059 peditaret,
258 3003 381 3060 quantum
403 3000 458 3050 sine
481 3001 578 3048 maiore
601 3011 735 3062 operarum
751 2996 868 3048 molestia
885 2993 940 3045 fleri
955 3001 1053 3060 posset,

92 3071 181 3128 postea
202 3065 354 3118 inserendas
376 3083 464 3118 curare
484 3066 549 3117 mihi
563 3067 650 3117 liceret
659 3064 749 3129 '(velut
767 3065 900 3132 egregium
916 3063 980 3115 illud
995 3077 1054 3113 ccu-

91 3132 136 3197 llat
151 3133 245 3199 Amph.
263 3151 290 3186 v.
309 3133 363 3189 net
379 3152 425 3202 pro
444 3151 474 3186 eo
492 3135 561 3200 quod
574 3134 664 3185 relicui
672 3134 730 3184 libri
741 3133 860 3185 exhibent
868 3131 980 3196 coortat)
989 3131 1054 3181 alias

93 3201 157 3252 inne
174 3203 304 3256 additura.
325 3206 352 3256 in
369 3206 486 3256 Rudente
501 3212 587 3255 autem
603 3202 677 3267 (nam
693 3203 728 3254 ad
743 3201 849 3253 Militem
861 3211 886 3254 et
895 3203 928 3254 ad
936 3202 1054 3252 Trinum-

94 3285 160 3320 num
190 3285 245 3324 rvr
267 3275 321 3325 iam
343 3275 422 3325 editio
448 3273 586 3338 scripturas
608 3272 710 3323 Veteris
734 3269 836 3322 (iudicis
862 3268 1053 3322 accuratissime

95 3347 221 3405 excerptas
240 3342 392 3408 exhibebat)
410 3349 439 3392 ut
453 3341 529 3408 plene
544 3341 616 3392 illum
632 3340 781 3406 adparatum
797 3347 823 3389 et
839 3339 905 3390 iuste
921 3339 955 3388 ad
973 3351 1052 3402 expo-

94 3407 175 3460 lienda
191 3413 272 3464 verba
294 3419 395 3476 poetae-
411 3410 534 3463 adhibere
550 3424 655 3476 possem
672 3424 702 3460 eo
720 3409 837 3460 effectum
855 3416 893 3458 est
913 3406 982 3470 quod
999 3405 1052 3456 slu-

95 3475 165 3540 eulse
186 3477 265 3532 huius
293 3479 414 3530 editionis
431 3480 551 3548 plagulae
567 3479 654 3545 Lipsia
672 3477 837 3544 corrigendae
853 3475 903 3526 buc
919 3471 984 3526 milri
1001 3480 1050 3522 tra·
