2482 3936
195 295 262 346 XllII
525 290 682 344 EPISTVLA
700 290 828 344 caimos

238 446 425 526 Diomede,
452 444 535 508 unde
558 446 682 508 auferre
703 447 751 523 uis
773 446 847 508 mel
873 447 1166 528 concorporata

371 557 373 564 ’
436 617 440 626 .
563 550 564 554 ’
651 545 778 628 petam'l

195 654 247 699 toto
271 647 338 696 enim
359 643 429 695 caelo
452 659 468 693 a
483 659 543 694 vero
561 643 685 696 aberravit
702 643 889 694 mansurus
906 643 950 707 qul
967 642 999 692 de
1016 657 1109 709 praep.
1128 655 1162 694 ut

195 731 244 766 usu
263 714 345 765 Plaut.
371 728 398 778 p.
411 711 443 764 ll
465 727 504 777 sq.
528 714 637 779 primam
661 711 738 764 huius
759 711 877 764 vocabuli
902 711 1025 778 syllabam
1045 711 1162 778 produci

194 799 272 850 posse
289 784 414 848 opinatur.
434 781 480 832 sed
497 781 574 832 redeo
592 782 661 834 un'de
677 782 758 846 abripi
773 797 815 832 me
832 794 925 847 passus
943 795 1001 831 sum
1012 781 1120 848 longius
1134 787 1165 830 et

195 854 272 904 verbo
291 853 348 902 dico
365 851 397 902 de
413 849 599 902 adsimilatioue
616 851 833 917 praepositionum
852 865 910 900 oum
926 850 1011 901 verbis
1029 856 1054 899 et
1072 850 1163 900 nomi·

195 922 270 974 nibus
286 920 491 986 compositarum.
515 920 542 970 in
560 935 609 985 quo
628 920 731 984 quidem
749 935 841 986 genere
859 918 927 971 idem
943 934 992 985 ogo
1009 919 1163 968 institutum

193 991 265 1046 tenui
281 987 363 1056 (certe
380 996 466 1039 tenere
482 987 567 1054 volui)
585 989 654 1053 quod
671 989 746 1040 Puro.
760 989 921 1040 Wneuaavs
938 989 966 1038 in
976 986 1092 1054 Vergilio
1107 1001 1161 1036 suo

195 1058 228 1109 ad
251 1059 385 1125 pristinam
408 1057 614 1126 orthographiam
637 1064 759 1116 revocato¹
779 1073 808 1108 se
830 1058 944 1109 tenuisse
963 1055 1098 1122 professus
1117 1064 1163 1104 est

195 1125 312 1194 Orthogr.
335 1126 431 1192 Vergil.
455 1123 615 1194 plotae:
640 1127 718 1178 libros
738 1127 817 1192 igitur
838 1129 933 1186 bonos,
955 1126 1162 1178 Ambrosianum

193 1197 356 1264 potissimum
374 1202 400 1245 et
414 1195 534 1246 Veterem
554 1195 684 1256 Codicum,
704 1197 782 1246 duces
800 1197 836 1246 ita
851 1203 954 1246 secutus
966 1209 1023 1244 sum
1034 1201 1063 1244 ut
1075 1194 1104 1242 in
1116 1195 1160 1242 eis

192 1265 278 1316 verbis
301 1267 328 1314 in
350 1264 442 1328 quibus
464 1271 608 1316 constanter
629 1265 723 1315 inflexa
745 1263 987 1331 essetpraepositlo
1005 1263 1161 1314 retinuerim

106 1353 110 1360 ’
194 1333 421 1394 emundationem,
437 1335 580 1400 respuerim
595 1334 702 1384 eandem
720 1335 747 1385 in
759 1335 796 1384 eis
806 1333 834 1384 in
845 1333 938 1398 quibus
949 1331 1160 1398 praepositiones

193 1405 305 1470 integras
330 1418 346 1452 a
365 1401 453 1453 Plauto
475 1411 588 1454 servatas
611 1417 668 1470 esse
684 1403 727 1454 vel
743 1402 858 1469 pluribus
877 1401 1000 1467 exemplis
1015 1400 1057 1452 vel
1076 1400 1157 1450 etiam

192 1486 244 1522 nno
267 1473 329 1523 satis
347 1471 474 1538 probabili
490 1471 644 1524 declaratum
661 1473 797 1522 videretur.
813 1487 866 1532 nou
883 1485 949 1537 opus
967 1477 1006 1520 est
1023 1476 1051 1518 nt
1068 1470 1160 1519 omnia

193 1542 296 1591 uomina
318 1555 348 1590 ac
363 1541 441 1591 verba
457 1555 514 1590 oum
530 1541 762 1607 praepositionibus
782 1541 923 1606 composita
939 1537 983 1588 hic
997 1552 1157 1599 enumerem,

192 1624 252 1659 nam
270 1609 293 1658 si
307 1615 377 1659 totus
393 1607 435 1658 hic
450 1607 521 1658 locus
538 1609 571 1660 ad
588 1609 714 1673 liquidum
729 1608 835 1674 perduci
850 1609 951 1659 omnino
968 1621 1090 1671 umquam
1103 1622 1158 1673 po·

192 1685 255 1738 test,
282 1677 331 1727 hoc
355 1685 408 1726 tum
432 1677 535 1728 demum
558 1677 613 1728 fleri
627 1678 720 1744 poterit
738 1693 797 1727 cum
814 1692 902 1728 omnes
920 1677 1068 1727 comoediae
1084 1691 1099 1726 a
1118 1691 1159 1730 rra

193 1745 350 1810 supellectile
373 1747 460 1796 critica
482 1747 619 1798 instructae
640 1747 667 1796 in
683 1745 814 1812 publicum
829 1746 983 1813 prodierint:
1007 1746 1054 1797 sed
1069 1757 1157 1811 pauca

193 1815 318 1878 quaedam
340 1828 406 1879 quae
428 1814 479 1864 huo
498 1816 624 1880 pertinent
643 1815 788 1882 promiscue
812 1817 918 1882 attingo.
944 1814 982 1864 ad
996 1813 1155 1881 praepositio

193 1898 293 1948 semper
316 1889 414 1934 mutata
441 1889 480 1932 est
507 1891 565 1935 ante
590 1890 643 1934 tet
659 1900 675 1933 r
690 1884 776 1934 literas
795 1884 864 1936 velut
879 1885 906 1934 in
922 1884 1015 1934 attium
1034 1881 1155 1932 attondeo

192 1953 297 2004 arrideo
319 1953 409 2018 ampo
434 1952 534 2015 arripio
556 1952 636 2018 (Rud.
658 1960 743 2004 tamen
762 1950 830 2004 1332
849 1952 961 2007 ducibus.
974 1951 1045 2000 libris
1062 1949 1156 2016 scripsi
1171 1983 1213 2038 q

194 2020 327 2086 adrepet),
350 2021 411 2071 item
434 2023 462 2071 in
479 2021 572 2072 accedo
591 2023 688 2086 accipio
705 2037 796 2073 acmoo
814 2023 932 2086 appello:
958 2035 1009 2070 uon
1028 2019 1155 2069 debebam
1211 2055 1213 2106 4

192 2097 277 2140 eutem
293 2104 407 2154 appareo
424 2105 525 2142 servare
540 2087 700 2156 Amputat.
713 2087 765 2145 794
781 2089 853 2156 (lapt.
863 2086 924 2152 457,
943 2090 1003 2152 quia
1020 2087 1087 2138 irin.
1099 2083 1154 2138 218
1211 2107 1213 2124 =

191 2159 218 2209 ln
237 2158 406 2210 Ambrosiano
428 2166 494 2210 teste
517 2157 746 2211 Sonwmmrtrto
769 2161 892 2226 scriptum
914 2164 984 2208 extat
1000 2168 1151 2216 masmar,

190 2243 274 2291 neque
290 2228 405 2281 mooe
418 2229 462 2280 vel
478 2229 570 2280 woodo
585 2229 679 2296 Amph.
690 2226 743 2282 802
754 2225 808 2282 804
819 2229 872 2278 Mil.
881 2224 934 2280 653
945 2224 996 2280 753
1014 2221 1150 2285 Trium,

191 2299 252 2360 quia
269 2297 338 2350 idem
354 2297 418 2348 liber
434 2299 626 2362 antiquissimus
644 2297 722 2349 Stich.
733 2293 788 2356 488
797 2309 963 2348 aunuum
976 2301 1074 2346 tuetur:
1092 2307 1151 2344 ean-

192 2366 250 2416 dem
267 2366 383 2418 voculam
400 2373 542 2418 constanter
557 2366 672 2418 truncavi
689 2373 749 2417 ante
765 2383 779 2417 c
796 2366 894 2415 literam
910 2365 955 2415 ubi
971 2363 1037 2414 hanc
1048 2378 1098 2413 una
1110 2362 1151 2412 vel

192 2433 258 2484 duae
274 2442 442 2486 consonantes
460 2436 603 2500 excipiunt,
619 2443 647 2484 ut
663 2439 691 2484 ln
706 2444 763 2484 acto
780 2434 890 2484 ascendo
904 2434 1001 2497 aspicio
1013 2440 1038 2482 et
1050 2439 1150 2496 aspecto

191 2517 317 2566 aspernor
337 2505 467 2569 actmopo:
493 2517 539 2553 oon
556 2505 771 2569 praepositionem
791 2517 892 2568 semper
908 2502 1032 2568 integram
1052 2500 1150 2552 servavi
1212 2509 1213 2512 ’

190 2578 292 2635 praeter
306 2573 443 2623 mornadas
462 2578 487 2620 et
504 2586 634 2634 eomuozpo
653 2579 678 2622 et
695 2578 795 2623 macuto
813 2572 910 2622 ecorum
927 2572 1027 2621 oonioeo
1041 2585 1096 2619 oum
1114 2570 1148 2618 si-

191 2641 294 2691 milibus
312 2641 446 2704 dequibus
456 2652 492 2688 'rt
500 2654 582 2706 nuper
591 2641 733 2691 disseruisti
742 2640 769 2690 iu
776 2639 845 2699 Mus.-
853 2639 943 2706 philol.
953 2639 1000 2690 VH
1007 2654 1033 2704 p.
1040 2637 1091 2690 318
1099 2651 1148 2700 squ

192 2724 227 2758 eor
243 2717 300 2759 aute
314 2710 333 2775 f
345 2711 440 2773 ubique
457 2710 554 2760 mutavi
570 2709 597 2760 in
612 2724 657 2760 eo:
675 2710 764 2760 endem
773 2710 936 2776 ,praepositio
947 2709 992 2759 ubl
1003 2722 1061 2758 cum
1072 2705 1146 2758 verbo

192 2779 223 2826 ab
239 2793 253 2828 c
270 2778 342 2828 litera
356 2778 487 2844 incipienti
504 2779 645 2844 composita
663 2786 716 2840 est,
734 2777 800 2829 hanc
816 2779 908 2830 extrivi
919 2778 989 2828 velut
1000 2777 1026 2826 iu
1037 2789 1147 2840 ereptor

192 2847 284 2912 eatam
307 2849 398 2898 eonem
422 2861 520 2912 scarpo
542 2863 658 2912 erupero
682 2847 787 2899 excrt‘bo
806 2853 926 2912 expecto:
949 2847 976 2895 be
993 2845 1147 2909 semper-in-

190 2921 264 2980 tegra
285 2915 372 2967 relicta
399 2923 437 2966 est
462 2923 562 2982 praeter
585 2919 679 2981 impero
705 2918 832 2982 imperium
860 2918 964 2979 mpero
988 2910 1051 2980 (sed
1067 2914 1092 2963 in
1107 2909 1147 2962 his

191 2999 305 3047 quoque,
331 2991 359 3034 ut
379 2999 435 3036 sero
461 2986 528 3046 vidi,
555 2987 654 3052 integra
672 2987 796 3038 semanda
813 2981 895 3050 erat):
922 2982 954 3034 ab
974 2989 998 3032 et
1014 2982 1045 3034 ob
1063 2988 1087 3032 et
1102 2981 1146 3032 aab

189 3052 391 3118 praepositiones
407 3061 435 3102 ut
447 3061 505 3104 ante
517 3055 537 3118 f
549 3064 729 3106 consonantem
741 3060 884 3104 constanter
895 3052 1049 3102 inflecterem
1061 3049 1145 3101 sedulo

191 3122 276 3172 ouravi
290 3129 393 3188 propter
409 3123 532 3173 rationem
549 3123 676 3190 Philologi
691 3131 752 3172 tom.
766 3123 811 3172 1111
827 3137 853 3188 p.
863 3118 916 3174 322
932 3137 948 3172 n
964 3135 1006 3170 me
1023 3119 1145 3186 significa·

188 3198 255 3240 tam:
284 3191 375 3255 scripsi
398 3190 477 3256 igitur
501 3191 594 3258 Amph.
610 3189 663 3244 322
688 3192 755 3256 afuit
779 3191 838 3257 (ubi
858 3191 892 3242 V.
913 3189 939 3241 0.
958 3189 1033 3256 afficit
1048 3185 1144 3254 habet),

189 3255 241 3309 646
259 3259 395 3322 estimato,
423 3257 475 3312 893
491 3262 577 3325 officit,
606 3260 674 3312 loos
693 3261 815 3326 sufferet,
845 3259 916 3326 Gapt.
931 3256 982 3311 too
1001 3255 1145 3326 effrenatur

189 3325 235 3390 (V.
248 3325 275 3377 G.
289 3327 470 3394 aserenam),
489 3327 541 3380 Mil.
551 3325 604 3380 109
618 3331 727 3394 sufliot't,
747 3328 814 3380 liud.
825 3325 878 3382 588
892 3329 1013 3394 suffodit,
1034 3324 1144 3380 10131-

187 3395 297 3461 flectam,
318 3395 386 3450 1059
404 3399 522 3464 cuffrtnpt‘
536 3397 581 3463 (V.
595 3395 622 3448 0.
633 3399 759 3465 subfrtnpi
768 3413 825 3449 raro
838 3397 982 3464 exemplo),
1002 3397 1068 3448 liin.
1080 3397 1093 3447 1
1127 3395 1143 3446 2

189 3464 294 3527 offusam
312 3473 336 3516 et
352 3468 390 3518 sio
407 3467 510 3530 quidem
526 3481 628 3532 semper
643 3468 694 3518 nisi
712 3468 865 3520 contrarium
881 3468 989 3534 ascripsi
1001 3466 1142 3532 conspirau-

187 3531 256 3582 tibus
273 3535 373 3600 optimis
391 3535 470 3588 libris.
490 3535 622 3589 absolvero
640 3536 709 3589 hunc
725 3535 923 3606 orthographiae
940 3537 968 3588 in
978 3536 1027 3587 hac
1038 3535 1142 3587 editione
