2482 3936
202 1046 322 1115 11111111
344 1046 450 1116 attis
470 1045 625 1116 trama
646 1045 735 1114 111110
756 1042 842 1113 titii

47 1219 73 1269 9.
99 1216 471 1271 15115215551515555511

59 1333 70 1344 ·
102 1299 157 1356 153
174 1303 210 1353 aci
227 1300 280 1356 158
297 1303 398 1354 iambici
416 1301 538 1354 octonarii

61 1417 73 1428 ·
106 1384 160 1440 159
178 1387 356 1452 anapaesticus
374 1387 480 1438 dimeter
498 1383 649 1436 acatalectus

62 1498 72 1510 ·
107 1469 161 1524 160
180 1473 359 1537 anapaesticus
376 1478 533 1522 monometer
548 1469 700 1520 acatalectne

63 1584 74 1595 ·
107 1554 160 1607 161
181 1563 207 1604 et
223 1553 276 1608 162
295 1555 566 1622 anapaestici'dimmri
582 1554 712 1606 acatalecti

1 1703 2 1706 Ἴ
62 1669 72 1678 -
106 1638 159 1692 163
177 1641 213 1690 ad
230 1637 282 1694 176
299 1641 426 1692 bacchiaci
442 1639 580 1690 tetrametri
598 1639 728 1690 acatalecti
745 1635 812 1705 (167
828 1638 965 1706 insiticiam)

1 1737 2 1796 j
64 1752 73 1762 ·
108 1720 159 1776 177
177 1724 329 1775 bacchiacus
348 1725 453 1776 dimeter
470 1723 622 1774 acatalectns

65 1835 75 1846 -
109 1803 162 1858 178
180 1807 332 1858 bacchiacus
348 1815 491 1860 tetrameter
508 1817 659 1858 acatalecrns

66 1920 76 1931 ·
109 1889 160 1945 179
178 1891 331 1944 bacchiaons
349 1893 461 1944 trimeter
478 1891 629 1943 acatalectua

68 2003 78 2016 ·
109 1974 161 2029 180
180 1977 215 2026 ad
231 1973 285 2028 218
301 1977 402 2028 iambici
418 1979 539 2027 octonarii

72 2087 82 2096 -
110 2057 161 2110 219
182 2058 217 2108 ati
235 2055 287 2111 236
305 2059 388 2110 cretici
403 2060 540 2110 tetrametri
558 2059 688 2110 acatalecti

1 2179 2 2210 p
75 2168 85 2179 ·
112 2139 158 2195 23⁷
177 2149 208 2192 ut
223 2142 324 2192 videtur
340 2151 471 2208 corruptus

72 2253 82 2263 ·
111 2223 162 2278 238
182 2225 217 2275 ad
234 2223 286 2278 246
302 2226 386 2276 cretici
403 2227 540 2276 tetrametri
555 2227 686 2279 aoatalccti

71 2337 81 2347 ·
109 2306 160 2362 247
180 2316 210 2358 ut
227 2308 327 2359 ridetur
344 2316 475 2375 corruptus

1 2401 2 2407 ’
70 2389 161 2444 -248
181 2392 215 2441 ad
230 2389 282 2444 262
298 2393 400 2443 iambici
417 2395 538 2444 octonarii

1 2493 2 2499 ¹
69 2504 78 2514 ·
109 2473 161 2529 263
181 2476 216 2526 ad
233 2474 286 2528 462
301 2475 421 2528 trochaici
438 2479 574 2544 septenarii

68 2588 78 2597 ·
110 2556 164 2611 463
183 2559 217 2608 ad
235 2555 288 2610 498
303 2559 404 2610 iambici
421 2561 514 2610 senarii

69 2672 79 2681 -
109 2641 164 2696 499
182 2643 216 2694 ad
234 2642 286 2694 550
300 2642 420 2694 trochaici
438 2645 574 2710 septenarii

1 2715 2 2776 J
67 2757 77 2766 -
110 2727 162 2780 551
182 2729 216 2778 ad
235 2725 288 2779 582
305 2727 432 2780 bacchiaci
449 2728 586 2780 tetrametri
602 2728 733 2780 acatalecti

69 2841 79 2850 -
112 2810 165 2864 583
183 2813 217 2863 ad
235 2809 287 2866 632
304 2813 425 2864 trochaici
443 2813 580 2880 septenarii

0 2930 1 2957 ι
70 2925 79 2934 -
111 2894 164 2949 633
182 2897 216 2946 ad
235 2895 286 2949 641
303 2897 433 2948 bacchiaci
449 2897 589 2949 hexametri
606 2898 736 2950 acatalecti

70 3008 80 3018 ·
111 2978 164 3032 642
182 2981 216 3030 ad
234 2977 286 3032 652
301 2981 430 3032 bacchiaci
445 2983 581 3033 tetrametri
598 2982 728 3036 acatalecti

15 3113 19 3120 ,
71 3091 81 3102 -
111 3060 163 3114 653
178 3063 331 3115 bacchiacna
347 3067 454 3118 dimeter
470 3067 621 3118 acatalectns

71 3173 81 3186 ·
111 3147 164 3201 654
182 3148 216 3199 ad
234 3146 288 3202 860
304 3149 425 3201 trochaici
442 3153 578 3218 septenarii

73 3261 82 3271 ·
109 3230 214 3286 86155
231 3231 283 3287 955
301 3235 403 3285 iambici
419 3237 512 3286 senarii

77 3342 85 3352 ·
112 3315 163 3370 956
180 3319 215 3368 ad
232 3314 286 3371 973
304 3317 424 3368 trochaici
441 3321 576 3386 septenarii

79 3426 87 3436 ·
112 3399 163 3456 974
181 3404 215 3455 ad
231 3401 285 3458 983
302 3405 404 3454 iambici
421 3403 514 3455 senarii

77 3510 86 3522 ··
113 3485 163 3541 984
179 3489 213 3540 ad
231 3488 302 3542 1005
319 3488 422 3540 iambici
440 3489 561 3540 octonarii
