2482 3936
122 43 183 110 s

163 223 205 288 42
525 226 760 290 PLAVTI
896 241 1121 297 112216-230

161 379 208 455 ita
231 415 312 458 nune
336 397 477 458 homines
502 400 709 477 inmutartur,
732 398 895 478 pistquam
912 415 1047 478 peregre
1066 395 1120 458 ad-

616 495 764 556 uenimus.

162 591 235 652 AM.
268 588 398 671 Meilier,
409 593 509 653 istene
519 609 588 652 rem
599 593 777 671 inquisitam
788 593 939 652 certumst
955 611 1017 652 non
1030 596 1118 652 emit-

162 771 224 832 AL.
256 756 380 856 Edepol
401 792 450 834 me
473 771 602 836 lubente
613 696 724 835 ῒΐθαῖῑῖεε
769 774 842 835 AM.
865 771 946 851 Quid
967 774 1034 834 eis?
1066 793 1117 835 re·

615 871 734 952 sponde
745 872 835 932 mihi:

162 970 260 1051 Quid,
278 973 305 1032 si
317 970 435 1032 adduce
445 968 530 1031 trium
542 977 705 1050 cognatum
716 973 777 1032 hirc
789 973 825 1033 eb
837 973 909 1032 naui
919 971 948 1042 N
949 973 1115 1055 erieretem,

162 1069 222 1145 Qui
232 1087 352 1130 mecum
362 1089 422 1130 une
432 1069 555 1129 utetust
564 1089 624 1129 une
634 1071 722 1130 ntui:
741 1076 834 1150 etque
844 1072 871 1130 is
883 1070 910 1130 si
921 1068 1114 1148 denegarem

158 1168 270 1249 Ficta,
289 1188 367 1250 quae
378 1175 415 1230 tu
423 1170 506 1230 itote
518 1167 612 1248 (licis,
631 1168 707 1250 quid
717 1170 775 1231 tibi
786 1175 946 1251 aequomst
955 1169 1051 1230 fieri?

160 1265 316 1347 Nrimquid
326 1287 446 1328 eausam
458 1267 546 1345 dieis,
559 1269 633 1346 quin
643 1274 677 1329 te
688 1268 748 1329 hee
759 1268 888 1329 miltem
896 1267 1113 1329 metrimtnio?

158 1365 222 1426 AL.
256 1365 290 1428 Si
312 1363 448 1446 deliqui,
477 1363 563 1426 milla
586 1372 715 1428 causest.
765 1366 839 1427 AM.
871 1366 1034 1427 Ctnuenit.
1049 1421 1052 1425 ,
1067 1371 1112 1444 tu,

611 1465 708 1543 sesia,
745 1535 747 1540 Ι

157 1561 224 1622 Dic
241 1561 298 1621 hos
312 1561 405 1622 intro.
437 1580 494 1640 ego
512 1563 575 1623 hire
591 1563 627 1623 ab
645 1561 854 1622 neuimeeum
872 1558 1020 1621 adducam
1030 1558 1111 1622 Neri-

610 1663 735 1720 cratem.

159 1755 218 1816 SO.
239 1754 328 1816 Nino
340 1754 465 1835 quidem
475 1759 603 1838 praeter
614 1777 672 1817 nes
690 1763 827 1817 nemost:
850 1755 900 1817 dic
913 1759 989 1819 mihi
1002 1777 1109 1818 uerum

609 1857 702 1935 serio,
1056 1865 1108 1919 855

159 1937 272 2031 Ecquis
285 1951 361 2013 elius
375 1951 462 2012 Sisie
473 1953 589 2033 intest,
609 1956 662 2033 qui
672 1953 733 2012 mei
745 1950 854 2013 similis
866 1954 948 2014 siet?

158 2050 218 2112 AL.
234 2033 316 2111 ibin
332 2051 405 2112 hlnc
417 2071 434 2112 e
446 2069 505 2132 me,
524 2051 633 2132 dignus
649 2050 771 2112 domino
785 2051 916 2114 strues?
937 2051 996 2112 SO.
1008 2051 1106 2130 Abeo,

604 2152 631 2209 st
642 2150 739 2209 iubes.

155 2247 218 2308 AL.
239 2245 337 2308 Nimis
356 2252 478 2307 ecastor
494 2247 612 2308 itcinus
630 2248 780 2325 mirumst,
793 2251 846 2326 qui
856 2245 904 2307 illl
918 2244 1105 2308 conlubitrim

606 2345 667 2404 siet

156 2439 229 2502 Meo
240 2441 319 2518 uiro,
331 2441 436 2500 sieme
448 2440 625 2503 insimulare
637 2441 715 2503 itlso
729 2443 914 2502 facinusttm
922 2438 1041 2499 melum.
1054 2448 1105 2504 859

128 2605 130 2610 ,
155 2537 1103 2620 dequiriest,ismexNerierateideognttoeegnosetmmee.
