2482 3936
178 239 222 288 ΗΠ
505 233 663 286 EPISTVLA
681 235 806 288 (inlutos

179 389 317 456 exemplari
340 389 451 455 pendere
475 389 532 453 ipse
553 403 604 438 non
621 389 758 449 mirabere,
784 403 841 439 eum
860 387 923 438 bene
943 390 1009 440 seiae
1028 404 1074 440 eas
1091 405 1134 441 ra·

176 460 259 510 tiones
276 458 458 510 emendationis
474 457 605 507 Plautinae
622 472 686 520 quas
700 469 739 508 nv
751 457 778 506 in
790 456 979 523 Prolegomenis
990 458 1135 511 'liinummi

178 527 271 578 eximia
293 535 347 577 arta
369 525 510 592 exposuisti
530 525 595 576 adeo
613 525 676 576 mihi
693 527 811 591 probatas
829 539 887 576 esse
901 534 930 577 nt
946 529 1058 593 exeeptis
1077 528 1135 580 ain·

177 596 244 662 gulis
261 596 415 659 quibusdam
437 593 498 644 loeis
516 593 591 658 plane
609 607 664 644 rrsr
684 595 818 645 adsentiar.
843 593 892 644 hos
910 604 994 646 autem
1011 597 1081 646 looos
1100 598 1135 647 de

177 666 270 728 quibua
290 664 353 714 mihi
375 664 448 714 aliter
470 662 629 712 sentiendum
651 662 753 713 videtur
770 663 874 714 uberius
897 671 940 714 aut
961 665 1067 716 tractavi
1087 671 1135 715 ant

175 733 324 799 propediem
340 733 452 784 traotabo
467 732 559 798 partim
576 733 603 784 in
620 746 727 782 sensura
742 731 824 782 Plauti
838 745 885 782 rvr
903 748 979 796 quam
990 749 1031 783 me
1041 733 1134 784 Anna-

175 801 242 852 libus
265 801 426 868 philologieis
448 815 463 849 a
486 799 585 851 Remu.
613 799 732 852 noram
754 809 778 850 et
799 800 867 850 liro.
883 799 1029 853 Dmrsorno
1052 802 1135 852 editis

175 871 328 921 inserturum
353 885 411 922 esse
434 869 551 934 promisi,
578 869 669 933 partim
691 871 718 919 in
740 868 866 919 Anniani·
882 869 1005 921 Plautinis
1021 885 1134 932 quornm

175 939 271 1002 aliquot
288 954 355 992 nova
374 939 458 1004 eapite
474 939 501 988 in
511 938 586 988 Fum.
600 935 676 988 (ἔπι.
690 938 769 988 nostri
780 936 984 990 Samaritarum
995 937 1134 1004 Philologo

174 1007 245 1058 brevi
267 1016 295 1058 nt
313 1023 387 1074 spero
404 1013 524 1073 tempore·
535 1006 604 1056 foras
621 1006 699 1058 dabo:
723 1007 864 1070 exquibus
881 1007 943 1058 loeis
961 1009 1005 1071 qni
1024 1008 1132 1058 omnine

173 1076 249 1141 pauoi
270 1084 329 1128 sunt
353 1077 375 1126 si
396 1075 460 1126 mihi
482 1076 592 1127 tortasse
614 1075 747 1142 eontigerit
765 1084 793 1125 ut
814 1075 846 1126 de
863 1090 914 1126 uno
932 1075 1051 1127 etaltera
1071 1089 1134 1126 urai

174 1159 258 1195 meam
276 1145 484 1208 qualemoumque
496 1143 645 1194 sententiam
655 1143 822 1202 persuadeam
833 1143 994 1196 vehementer
1004 1144 1133 1194 laetabor.

105 1215 107 1218 '
173 1220 305 1278 praeterea
323 1221 406 1264 autem
425 1214 452 1264 in
467 1213 612 1264 ririnummo
629 1214 833 1280 reoognosoenda
846 1227 897 1265 non
909 1213 1069 1264 medioeriter
1084 1213 1145 1263 ad·-

159 1285 160 1289 ’
173 1283 241 1332 intus
251 1296 308 1332 sum
318 1283 355 1333 eis
365 1297 431 1346 quae
438 1288 498 1346 post
509 1294 585 1334 πιιι
595 1295 698 1348 operam
707 1281 952 1334 insomnem·
960 1288 985 1332 et
993 1282 1133 1333 Famav.

172 1350 350 1402 invasam
367 1351 394 1402 in
411 1351 663 1402 oommentatlonibus
680 1366 744 1415 quas
761 1352 887 1402 iuditibus
904 1351 1045 1403 seholarum
1062 1349 1134 1400 Mar·

172 1419 338 1486 burgensium
360 1428 385 1471 et
408 1419 630 1471 Rostoohiensium
652 1420 762 1485 proximi
783 1420 912 1471 semestris
932 1420 1030 1470 hiberni
1053 1433 1132 1483 prae-

172 1489 308 1548 miserunt,
335 1489 378 1539 ille
393 1489 469 1539 etiam
485 1489 512 1538 iu
527 1487 629 1538 Diumis
646 1488 793 1552 antiquariis
810 1503 825 1538 a
842 1503 871 1538 se
887 1495 912 1538 et
929 1489 985 1538 ivn,
1005 1486 1131 1537 Gansnnu

172 1557 248 1606 editis
273 1557 332 1606 anni
354 1569 570 1607 uneeoxxxxvm
585 1570 612 1621 p.
623 1553 692 1608 1124
707 1571 764 1620 sqq.
783 1557 815 1607 de
832 1555 917 1607 multia
936 1556 1053 1607 versibus
1072 1557 1132 1606 eius

172 1624 275 1675 tabulae
291 1624 420 1690 praeolora
437 1626 605 1690 disputarunt.

240 1693 329 1759 Longe
353 1694 432 1760 igitur
454 1694 504 1744 alia
526 1695 623 1744 ratione
646 1692 709 1743 mihi
726 1694 753 1744 in
770 1693 926 1760 expoliendis
943 1693 1133 1759 Amphitruone

173 1761 284 1827 Captivis
295 1761 412 1812 Rudente
423 1762 545 1812 utendum
556 1761 618 1812 init:
637 1761 702 1812 haee
713 1764 781 1813 enirn
793 1763 953 1824 comoediae,
973 1776 1132 1826 quamquam

170 1832 268 1896 priores
290 1831 401 1881 editores
426 1830 506 1881 multa
527 1831 554 1880 in
576 1831 613 1882 eis
631 1829 770 1896 scripturae
787 1832 925 1882 tralatloiae
941 1833 1003 1884 vitia
1020 1829 1132 1880 ielioiter

170 1899 325 1949 sustulerant
343 1905 368 1950 et
385 1907 429 1950 aut
445 1911 484 1951 nv
501 1907 544 1950 aut
562 1897 626 1950 Gon.
643 1899 812 1950 Hermum
831 1907 874 1950 aut
891 1899 948 1950 liro.
968 1899 1131 1950 Bsurnnrvs

170 1975 213 2018 aut
231 1967 275 2017 alti
289 1968 359 2018 nand
373 1969 463 2034 paneis
474 1968 590 2019 versibus
601 1975 713 2019 veterem
724 1969 831 2020 nitorem
843 1968 1024 2028 reddideratis,
1042 1963 1131 2017 'tamen
1209 1978 1216 1998 ⁴

169 2037 288 2087 sordibus
304 2037 491 2102 depravationis
507 2052 571 2100 quas
586 2051 633 2104 per
648 2037 806 2088 saeculorum
824 2038 957 2089 desursum
972 2037 1050 2087 verba
1063 2050 1130 2100 poe-

168 2111 210 2155 tae
227 2113 355 2157 traxerant
372 2107 484 2158 nondum
501 2107 537 2156 ita
554 2113 624 2157 erant
641 2113 810 2172 perpurgatae
828 2107 889 2170 quin
902 2105 964 2156 mihi
979 2105 1041 2154 satis
1055 2103 1131 2169 larga
1215 2105 1216 2128 ³

169 2175 375 2226 emendationum
391 2178 482 2228 messis
499 2175 646 2242 peragenda
663 2182 783 2226 restaret:
812 2189 864 2239 qua
884 2189 942 2226 mea
965 2171 1048 2239 opella
1065 2187 1130 2222 num

171 2241 287 2296 effectum
313 2245 347 2294 sit
371 2251 401 2294 ut
422 2258 465 2295 eas
491 2243 635 2295 oomoedias
653 2244 689 2295 ita
706 2244 873 2308 instaurarem
891 2249 920 2293 nt
937 2243 992 2293 sine
1010 2241 1130 2308 graviore

169 2311 259 2362 saltem
278 2311 418 2364 offensione
435 2312 488 2380 legi
504 2320 624 2377 possent,
643 2326 722 2376 penes
740 2325 791 2373 us,
809 2313 955 2362 Famnrron
967 2310 1128 2370 husonum,

169 2388 316 2443 ceterosque
341 2395 439 2446 pausos
465 2381 554 2429 harum
577 2395 661 2430 rerum
685 2382 781 2444 peritos
801 2381 987 2430 existimatores
1003 2377 1130 2427 iudicium

169 2455 232 2498 esto.
253 2447 370 2513 supellex
386 2455 471 2498 autern
487 2449 574 2497 oritioa
591 2463 625 2498 ex
645 2446 716 2496 libris
733 2447 834 2512 seriptis
851 2449 931 2512 petita
947 2444 1009 2496 mihi
1026 2454 1130 2510 praeter

168 2531 225 2567 eam
242 2518 315 2567 ouius
331 2516 416 2566 aditus
435 2516 551 2566 omnibus
567 2521 650 2580 patet,
669 2514 694 2564 h.
709 2532 731 2565 a.
753 2515 924 2580 diserepautes
941 2516 1078 2578 seripturas
1096 2515 1129 2564 li·

167 2585 271 2635 brorum
286 2585 458 2636 Palatinorum
475 2598 492 2633 a
506 2584 582 2634 Pam.
600 2585 688 2634 Panno
706 2585 733 2634 in
750 2583 861 2634 editione
878 2598 925 2634 sna
941 2583 1021 2632 altera
1039 2590 1128 2634 enota-

166 2660 207 2704 tas
225 2661 250 2704 et
267 2654 416 2720 adparatum
433 2667 449 2702 a
465 2653 538 2704 Fam.
558 2653 738 2702 Lmnnnuuo
756 2652 789 2702 ad
806 2651 1014 2718 Amphitruonem
1026 2656 1051 2700 et
1061 2649 1128 2716 Gap-

166 2723 247 2782 tivos,
275 2738 292 2772 a
310 2721 336 2773 G.
355 2722 385 2772 h.
404 2721 471 2772 Ona.
491 2719 666 2772 Sonunmnuo
685 2722 719 2772 ad
734 2720 876 2772 Rudentetn
893 2727 1042 2786 congestum
1057 2720 1128 2769 nrssla
1215 2755 1216 2758 ,

167 2798 221 2840 erat
235 2791 337 2855 praesto
355 2799 410 2841 tum
425 2791 529 2854 quidem
546 2805 603 2841 eum
621 2791 648 2840 in
665 2791 768 2857 negotio
787 2793 864 2842 verba
879 2797 971 2856 poetae
982 2787 1127 2853 eorrigendi
1215 2823 1216 2826 ,

166 2861 295 2911 versabar.
315 2860 454 2911 editionum
471 2867 584 2911 veterum
602 2866 704 2925 praeter
720 2859 908 2912 taramriam
920 2857 1015 2910 nullam
1027 2858 1061 2908 ad
1072 2871 1127 2906 ma-

165 2942 215 2978 nns
233 2927 312 2979 habui
329 2945 412 2994 neque
432 2944 465 2980 ex
481 2929 662 2980 reoentioribns
673 2929 797 2996 quasdam
809 2944 873 2993 quas
885 2942 962 2994 aegra
974 2926 1126 2985 desideravi,

165 2997 235 3046 velut
254 2996 363 3050 Gvrsrr
381 3004 406 3048 et
428 2999 538 3064 primam
554 2997 667 3060 Bonan,
690 2998 749 3049 ullis
767 2998 891 3050 machinis
909 2997 1022 3047 nancisei
1038 2993 1124 3059 potui:

167 3063 330 3130 captivorum
355 3067 479 3118 editiones
503 3068 535 3118 ab
557 3068 701 3118 Avumuo
725 3075 750 3118 et
771 3083 786 3118 a
806 3067 929 3118 Bossons
947 3070 1047 3116 auratas
1062 3060 1127 3113 mihi

164 3134 276 3200 benigne
297 3137 467 3198 commodavit
491 3137 567 3187 hm.
590 3135 691 3188 Osaust
714 3136 861 3187 liberalitas.
890 3135 941 3186 illis
964 3133 1042 3199 igitur
1059 3141 1125 3194 quas

164 3199 290 3254 habebam
308 3205 431 3256 subsidiis
449 3205 543 3256 eritiois
561 3220 592 3255 ea
609 3221 660 3270 qua
674 3220 723 3271 par
740 3213 793 3256 erat
811 3203 943 3270 diligentia
953 3203 981 3251 in
991 3213 1067 3248 usum
1078 3213 1125 3248 vo-

145 3275 146 3278 ’
165 3273 228 3322 ostis
245 3273 272 3325 id
288 3273 452 3340 potissimum
469 3275 511 3341 egi
529 3280 557 3323 ut
574 3283 697 3340 perpetuo
714 3281 831 3340 raspaotn
846 3272 933 3322 habito
951 3281 1038 3320 aarum
1051 3274 1125 3331 quat·

163 3348 222 3390 tuor
239 3355 324 3393 rerum
340 3357 448 3406 quarum
465 3344 635 3394 observationi
652 3356 691 3394 ov
706 3344 733 3394 in
749 3341 907 3408 praelatione
918 3335 1005 3388 Militis
1019 3334 1125 3402 gloriosi
1214 3335 1216 3400 ἴ

162 3422 190 3474 p·
202 3422 251 3460 xxi
262 3425 367 3462 summo
385 3413 440 3463 iure
455 3412 592 3478 plurimum
609 3413 636 3463 in
648 3411 708 3464 arisi
718 3409 834 3462 Plautina
843 3406 968 3468 tribuisti,
987 3421 1052 3470 quaa
1065 3411 1125 3454 sunt

164 3475 306 3545 'integritas
318 3480 421 3548 linguae
431 3481 536 3533 Latinae
545 3479 700 3531 eonoinnitas
709 3491 871 3530 numerorum
880 3475 1019 3527 sententiae
1028 3473 1123 3527 sanitas
