2482 3936
558 237 792 302 PLAVTI
967 252 1153 308 mul-28

443 445 669 504 Anovunun.
712 444 906 506 lvrrrrnn.

240 589 302 652 AL.
326 591 445 652 llurere
456 609 579 670 nequeo
591 591 624 650 in
636 588 773 652 aedibus.
804 591 849 650 itu
858 591 908 649 me
917 590 1037 671 probri,

239 690 362 772 Stupri,
381 688 545 750 dedecoris
561 691 657 750 euiro
670 693 807 768 argutem
818 706 903 750 meo:

237 791 284 852 Ee
295 793 374 871 quae
386 797 458 852 sunt
468 792 550 852 foetu
559 791 678 850 infectu
687 807 723 848 re
736 807 805 850 esse
818 771 1026 849 ocolemitot(
1098 797 1151 854 884

240 892 324 969 Quae
336 894 438 972 neque
450 895 523 952 sunt
532 891 615 951 foetu
624 891 726 970 neque
739 905 796 968 ego
808 891 841 948 in
851 907 901 949 me
913 887 1037 969 admisi,
1049 891 1149 969 erguit

239 991 343 1071 Atque
354 988 447 1052 idme
459 1009 573 1070 susque
586 989 687 1069 deque
700 1007 769 1050 esse
781 989 954 1051 habiturum
963 996 1061 1070 putul.

237 1084 308 1147 Non
320 1087 432 1169 edepol
442 1089 553 1150 focium
563 1089 665 1168 neque
677 1106 726 1148 me
737 1088 897 1168 perpetior
907 1088 1016 1167 probri

237 1184 331 1248 Falso
343 1187 565 1268 insimulatum,
583 1192 656 1269 quin
668 1206 724 1267 ego
734 1185 823 1248 illum
832 1192 884 1247 eut
896 1185 1037 1247 deseram

238 1285 303 1346 Aut
312 1286 407 1349 feriat
416 1288 491 1348 satis
502 1284 557 1347 ille
568 1290 661 1368 etque
673 1284 795 1347 adiuret
806 1290 943 1367 iusuper,

238 1385 330 1449 Nolle
343 1389 411 1448 esse
423 1386 505 1448 dieto
517 1391 639 1468 quaein
650 1405 699 1448 me
709 1388 864 1447 insontem
873 1384 1014 1467 pretulit.
1097 1393 1152 1450 890

238 1485 290 1547 Ν.
312 1481 677 1562 Faciendumstmiillut,
688 1481 1100 1564 fieriquodilluecpestulot,

239 1582 274 1642 Si
285 1599 334 1641 me
344 1581 428 1642 illum
438 1587 589 1641 umentem
600 1579 639 1640 ad
650 1583 720 1642 sese
732 1570 871 1642 studeum
882 1583 1041 1664 recipere:

240 1677 370 1758 Quando
383 1679 439 1758 ego
453 1677 537 1758 quod
546 1679 610 1739 feci
620 1677 654 1738 id
664 1679 779 1740 fectum
789 1680 1008 1760 Amphitruoni
1021 1683 1110 1742 offuit

239 1780 343 1858 Atque
355 1775 402 1838 illi
414 1775 528 1838 dudum
538 1780 625 1838 meus
638 1796 722 1836 umor
733 1779 891 1856 negotium

238 1877 357 1940 Insenti
368 1875 522 1936 exhibuit:
538 1877 621 1936 nimo
634 1880 735 1934 antem
745 1875 863 1936 insonti
872 1876 948 1936 mihi
1096 1886 1149 1942 895

238 1975 323 2037 Illius
333 1976 380 2035 iro
390 1975 424 2033 in
435 1974 514 2035 hino
527 1979 560 2034 et
570 1970 734 2033 maledieto
746 1974 902 2054 expetent.

239 2074 304 2136 AL.
326 2073 368 2135 Elt
380 2075 485 2134 eccum
493 2069 605 2150 uideo,
623 2069 740 2152 [medo]
751 2090 800 2132 me
811 2074 954 2134 miserem
966 2075 1018 2154 qui
1028 2075 1129 2154 trguit

241 2172 365 2254 Stupri,
385 2170 559 2232 dedecoris.
604 2169 656 2234 IV.
680 2169 829 2250 Teuolo‚
846 2191 939 2251 uuor,
952 2170 1106 2252 odnloqui.

240 2269 324 2347 Quor
335 2269 392 2331 ted
403 2271 568 2333 ouo'rtistil
610 2269 673 2332 AL.
695 2253 807 2331 Estito
817 2271 975 2350 ingenium
984 2289 1100 2331 meum:

238 2369 835 2450 lnimioossemperdsosumoptuerier.
1096 2377 1150 2432 900

240 2463 291 2528 lv.
314 2466 394 2526 Heio
411 2468 514 2527 mitem
530 2466 693 2553 inimicos‘l
734 2465 797 2528 AL.
820 2465 872 2526 Sio
890 2471 948 2544 est,
966 2483 1041 2526 uero
1056 2469 1149 2547 proe-

649 2565 735 2625 dieo:

238 2659 305 2721 Nisi
317 2663 409 2722 etism
419 2663 480 2724 hoe
491 2662 570 2725 fulso
584 2663 645 2725 dici
655 2659 884 2723 insimulaturus
895 2680 937 2724 ee.

240 2759 292 2822 lV.
315 2759 412 2821 Nimis
435 2761 614 2824 iracundo’s.
656 2761 719 2822 AL.
742 2761 834 2820 Petin
855 2767 890 2820 ut
909 2763 1063 2842 apstinees
1085 2783 1147 2823 mo-

648 2859 743 2919 num‘l

239 2954 317 3016 Num
328 2959 414 3018 certo
427 2958 453 3018 si
464 2959 508 3019 sis
519 2961 609 3018 senus
621 2962 673 3016 aut
684 2957 783 3036 suplds
794 2955 880 3035 sutis,

239 3053 336 3129 Quom
345 3059 380 3114 tu
391 3054 566 3135 inpudicum
577 3073 646 3116 esse
658 3055 812 3115 arbitrere
824 3062 858 3115 et
867 3055 1038 3137 proedioes,
1093 3063 1145 3118 905

240 3148 317 3210 Cum
328 3169 364 3210 eo
373 3150 409 3210 tri
419 3167 594 3211 sermonem
604 3153 663 3212 nec
672 3153 742 3212 ioco
753 3171 812 3212 nee
825 3155 908 3214 serio

238 3247 312 3309 'l'ibl
324 3247 455 3325 heheu,
470 3249 531 3308 nisi
542 3250 585 3310 sis
596 3249 722 3311 stultior
733 3248 933 3314 stultissumo.

238 3344 291 3409 IV.
316 3345 350 3406 Sl
361 3342 434 3424 dlxi,
445 3345 543 3408 nihilo
554 3349 649 3427 migis
661 3367 694 3409 es
706 3367 808 3429 neque
818 3367 876 3428 ego
887 3367 956 3410 esse
963 3351 1108 3430 erbitron

237 3441 280 3503 nt
289 3439 322 3502 id
334 3442 396 3502 hire
405 3443 526 3503 renorti
536 3447 583 3504 uti
594 3464 644 3506 me
655 3448 820 3528 purgarem
833 3447 901 3509 tibi.
